5091 6898
2326 140 83 50 LA
2452 155 223 37 CROIX

4178 170 116 61 Jeudi
4314 188 27 43 5
4360 183 240 45 Novembre
4617 173 119 62 1903

332 1491 288 203 SON
700 1495 656 213 NOUVEAU
1428 1508 896 216 TRAITEMENT
2363 1507 114 234 par
2514 1508 74 234 la
2636 1518 680 213 METHODE
3396 1527 688 218 VANADIEE
4156 1538 591 220 HELOUIS

684 1825 172 93 LE

187 1912 575 245 Vanadiol
835 1917 503 245 Hélouis

531 2180 464 85 GUÉRIT

713 2294 84 36 LA

190 2324 1128 179 TUBERCULOSE

378 2511 49 56 à.
462 2514 178 53 tous
677 2511 122 57 les
835 2513 295 73 degrés.

195 2685 106 62 Les
343 2687 155 60 effets
525 2693 75 55 du
626 2689 444 64 VANADIOL
1099 2704 105 49 sur
1228 2696 85 59 les

291 2768 255 57 malades
580 2780 66 47 se
685 2771 289 57 résument
1014 2772 154 59 ainsi
1184 2786 27 48 s

276 2851 48 68 1°
386 2853 200 67 Après
668 2870 127 41 une
867 2860 285 54 semaine
1224 2860 77 56 de

195 2930 403 71 traitement,
650 2930 176 59 l'état
889 2933 257 69 général
1206 2939 95 55 est

196 3007 627 69 remarquablement
865 3010 324 75 amélioré,
1237 3013 62 58 la

194 3086 153 52 toux
403 3099 196 56 cesse,
652 3085 91 56 les
795 3092 504 65 expectorations

192 3158 401 73 diminuent;

265 3247 65 54 2°
366 3247 84 55 Le
477 3245 405 75 VANADIOL
929 3249 186 60 excité
1161 3250 139 75 l'ap-

192 3320 156 74 pétit
409 3321 181 61 d'une
658 3323 278 62 manière
1002 3328 295 58 extraor-

193 3393 237 60 dinaire
465 3410 81 39 en
583 3398 420 66 supprimant
1040 3399 257 56 d'abord

196 3468 63 56 la
295 3468 338 74 répulsion,
667 3474 239 66 parfois
939 3476 357 72 invincible,

191 3546 225 67 qu'ont
485 3546 93 57 les
650 3549 415 58 tuberculeux
1141 3567 159 54 pour

190 3620 173 54 toute
425 3622 381 56 nourriture.
865 3622 81 56 Ce
1027 3623 268 60 résultat

193 3695 94 51 est
321 3691 235 55 obtenu
596 3708 117 51 par
751 3693 63 54 la
858 3697 434 56 merveilleuse

196 3765 303 69 propriété
542 3783 124 52 que
725 3768 257 68 possède
1037 3774 164 56 seul
1238 3773 55 57 le

202 3844 381 64 Vanadiol,
647 3844 83 56 de
791 3843 307 61 détruire
1169 3865 125 54 par

193 3920 333 66 oxydation
573 3918 91 58 les
709 3923 309 56 microbes
1076 3928 65 52 et
1202 3926 90 56 les

192 3996 244 56 toxines
469 3996 276 69 (poisons
782 3999 396 67 microbiens)
1215 4002 76 58 de

189 4069 327 69 l'appareil
551 4072 276 68 digestif.

252 4160 97 61 En
374 4162 180 75 vingt
591 4162 177 76 jours,
813 4179 72 46 on
930 4166 216 61 obtient
1188 4183 109 46 une

186 4245 433 71 augmentation
678 4246 65 59 de
810 4246 159 75 poids
1027 4248 65 59 de
1144 4248 154 62 deus

185 4323 420 74 kilogrammes
622 4340 20 58 ;

265 4416 62 52 3°
369 4413 84 58 Le
483 4415 413 58 VANADIOL
942 4419 348 65 augmente

187 4490 441 68 rapidement
689 4490 61 55 le
818 4493 287 56 nombre
1169 4494 121 56 des

184 4572 355 73 globules
584 4575 409 69 sanguins.
1034 4573 46 54 Il
1114 4573 171 56 favo-

183 4648 127 53 rise
399 4645 369 59 l'hématose
853 4649 17 67 (
893 4649 392 68 phénomène

187 4724 466 69 respiratoire)
702 4739 124 54 par
872 4723 410 72 l'oxydation

192 4801 215 65 rapide
434 4800 76 54 de
538 4797 497 71 l'hémoglobine.
1049 4802 45 56 Il
1117 4801 168 55 accé-

186 4874 125 56 lère
365 4874 59 55 la
483 4878 311 55 nutrition
853 4876 191 70 d'une
1098 4877 184 71 façon

186 4951 443 70 remarquable

1609 1842 407 56 Applications
2055 1846 148 44 dans
2231 1848 85 43 les
2347 1849 298 53 Hôpitaux
2683 1852 38 43 à
2749 1854 164 42 Paris
2944 1858 58 40 et
3030 1853 37 44 à
3105 1856 353 55 l'Etranger.

1386 1889 300 49 Résultats
1715 1899 570 43 extraordinaires.—
2296 1900 219 45 Retour
2536 1905 229 42 certain
2790 1906 66 43 de
2876 1906 269 55 l'appétit
3164 1922 46 30 et
3225 1912 445 50 augmentation

1625 1950 398 42 considérable
2062 1951 76 42 du
2170 1952 161 51 poids
2365 1955 76 40 du
2471 1965 165 43 corps
2679 1958 139 40 chez
2850 1960 133 41 tous
3020 1960 86 42 les
3140 1963 281 43 malades.

2162 2004 251 52 Opinion
2447 2006 96 42 des
2582 2007 310 45 Médecine.

1416 2073 81 29 Avec
1508 2081 60 22 une
1582 2077 136 28 maîtrise
1730 2080 32 25 et
1776 2085 40 21 un
1831 2085 130 27 courage
1975 2079 74 27 dont
2067 2080 21 27 il
2105 2086 19 28 y

1384 2114 16 20 a
1412 2107 61 28 lieu
1493 2109 37 26 de
1543 2109 28 28 le
1588 2110 138 35 féliciter,
1739 2112 37 26 M.
1788 2112 28 28 le
1831 2113 175 33 professeur
2019 2113 103 28 Albert

1384 2142 97 28 Robin
1490 2143 190 36 démontrait,
1689 2149 67 25 tout
1770 2147 221 29 dernièrement
2001 2155 120 25 encore,

1382 2177 216 35 l'imprudence
1611 2180 69 34 qu'il
1695 2188 18 27 y
1728 2181 96 28 aurait
1840 2183 18 26 à
1877 2190 34 19 se
1929 2182 103 28 lancer
2046 2183 76 27 dans

1382 2211 47 28 les
1446 2216 162 25 aventures
1623 2217 32 24 et
1671 2216 17 27 à
1699 2216 126 34 vouloir,
1840 2224 75 26 pour
1926 2216 91 28 lutter
2030 2219 92 32 prati-

1381 2251 143 29 quement
1546 2252 104 24 contre
1676 2250 29 27 la
1726 2250 206 35 tuberculose,
1955 2251 105 28 édifier
2082 2259 37 21 en

1381 2283 123 34 France,
1518 2283 18 26 à
1558 2283 116 27 l'instar
1692 2285 39 26 de
1755 2283 196 35 l'Allemagne
1969 2300 33 6 —
2023 2287 50 33 qui
2094 2287 27 27 le

1381 2320 133 29 regrette
1536 2317 68 34 déjà
1624 2332 35 6 —
1679 2319 38 26 de
1738 2320 163 26 coûteuses
1925 2320 134 27 bâtisses
2083 2322 38 26 où

1380 2350 189 29 viendraient
1600 2352 171 28 s'entasser
1796 2360 72 21 sans
1896 2355 89 32 profit
2011 2356 109 33 appré-

1379 2385 97 27 ciable
1496 2386 47 26 les
1564 2387 131 27 millions
1714 2390 31 24 et
1764 2387 47 28 les
1834 2389 207 27 tuberculeux.
2061 2390 58 27 Les

1379 2419 129 34 charges
1516 2421 50 32 qui
1575 2422 171 32 pèseraient
1755 2420 49 35 sur
1812 2421 31 35 la
1851 2423 111 34 nation,
1970 2423 47 28 s'il
2026 2423 94 27 fallait

1380 2455 104 26 traiter
1497 2456 226 27 annuellement
1734 2454 116 36 250,000
1864 2457 182 35 phtisiques,
2060 2459 59 27 sui-

1379 2492 72 24 vant
1470 2492 79 25 cette
1571 2490 151 34 méthode,
1739 2493 132 26 seraient
1885 2493 186 27 écrasantes.
2087 2493 33 27 Et

1378 2522 39 28 M.
1433 2523 104 28 Albert
1559 2525 96 28 Robin
1676 2526 158 34 entrevoit,
1849 2534 118 21 comme
1987 2527 131 28 solution

1380 2558 40 27 du
1433 2559 165 35 problème,
1613 2567 38 20 un
1667 2567 106 28 moyen
1787 2561 62 35 qui,
1862 2564 65 25 tout
1939 2569 38 21 en
1992 2562 128 28 s'adres-

1381 2593 72 35 sant
1464 2593 53 35 aux
1531 2596 97 31 sujets
1639 2594 66 34 déjà
1719 2596 137 34 atteints,
1867 2597 203 34 préserverait
2082 2598 36 25 de

1380 2626 27 27 la
1421 2629 159 31 contagion
1600 2629 45 26 les
1660 2630 158 27 candidats
1835 2632 16 26 à
1871 2632 26 25 la
1913 2630 204 35 tuberculose,

1378 2661 193 29 c'est-à-dire
1583 2670 77 20 ceux
1674 2664 72 27 dont
1760 2664 82 27 l'état
1856 2665 122 33 général
1992 2669 49 24 est
2056 2665 62 29 suf-

1378 2695 173 29 fisamment
1575 2698 182 28 défectueux
1783 2706 74 26 pour
1883 2700 169 27 constituer
2078 2708 39 20 un

1380 2731 112 27 terrain
1513 2732 151 27 favorable
1684 2735 16 25 à
1718 2733 171 29 l'évolution
1905 2735 40 27 du
1960 2736 107 26 bacille
2081 2736 37 26 de

1379 2764 93 28 Koch.
1489 2766 39 26 Ce
1543 2773 120 28 moyen,
1679 2767 119 34 d'après
1818 2769 48 31 lui,
1880 2770 158 27 résiderait
2053 2776 64 21 sur-

1378 2802 66 25 tout
1461 2801 77 26 dans
1561 2801 29 27 la
1610 2801 201 30 modification
1832 2804 99 27 môme
1954 2805 39 26 de
2011 2811 35 20 ce
2060 2808 57 24 ter-

1378 2834 75 31 rain,
1459 2835 201 32 c'est-à-dire,
1667 2843 76 27 pour
1750 2844 18 26 y
1776 2838 121 33 arriver,
1904 2838 75 28 dans
1988 2839 129 33 l'emploi

1379 2868 56 27 des
1448 2869 140 27 aliments
1600 2873 32 24 et
1644 2871 56 27 des
1712 2871 220 29 médicaments
1944 2873 172 33 d'épargne.

1377 2903 45 27 Au
1442 2903 61 27 lieu
1522 2904 183 28 d'enfermer
1725 2906 30 26 le
1769 2907 199 27 tuberculeux
1985 2910 31 24 et
2038 2907 37 27 de
2090 2908 27 26 le

1378 2937 136 33 droguer,
1529 2939 230 33 nourrissez-le,
1778 2941 162 28 améliorez
1958 2948 37 21 sa
2016 2942 102 28 condi-

1378 2972 62 27 tion
1451 2973 167 28 matérielle
1631 2980 9 22 :
1656 2978 66 24 tout
1735 2977 48 26 est
1797 2976 43 27 là!

1411 3018 122 29 Suivant
1555 3021 29 28 la
1599 3021 114 29 théorie
1739 3022 37 28 de
1797 3022 218 36 Metschnikoff,
2034 3029 82 22 com-

1376 3055 161 33 muniquée
1560 3063 38 20 en
1617 3056 69 29 1885
1706 3057 19 27 à
1750 3058 182 29 l'Académie
1960 3059 38 27 de
2018 3058 98 28 Méde-

1375 3089 80 33 cine,
1472 3090 192 33 l'organisme
1688 3092 133 33 possède
1848 3093 56 26 des
1935 3093 179 27 défenseurs

1377 3124 134 26 naturels
1520 3131 7 19 :
1537 3123 45 28 les
1591 3125 196 34 phagocytes,
1797 3127 60 33 qui,
1868 3126 96 35 seuls,
1975 3127 140 27 suffisent

1375 3157 18 26 à
1406 3157 133 27 détruire
1557 3159 29 27 le
1602 3159 144 27 microbe.
1758 3160 41 26 Le
1814 3161 156 34 problème
1988 3168 35 20 se
2037 3168 75 27 pose

1375 3190 80 30 donc
1462 3192 94 28 ainsi:
1568 3193 107 29 rendre
1685 3194 68 34 plus
1766 3194 87 35 forts,
1863 3196 69 34 plus
1947 3196 166 35 puissants,

1376 3232 52 21 ces
1452 3227 180 28 défenseurs
1655 3229 146 32 naturels,
1823 3233 43 28 et,
1885 3230 152 34 lorsqu'ils
2062 3238 49 27 pa-

1375 3260 133 28 raissent
1520 3261 127 28 affaiblis
1660 3269 52 27 par
1724 3264 28 26 la
1765 3265 138 32 maladie,
1920 3264 64 28 leur
1998 3266 114 25 donner

1374 3301 60 21 une
1448 3295 115 29 vitalité
1579 3297 149 28 nouvelle.
1745 3298 38 27 Le
1798 3300 94 32 grand
1906 3299 114 28 facteur
2030 3299 38 28 de
2082 3299 30 27 la

1374 3329 116 28 vitalité
1506 3331 57 27 des
1579 3332 127 27 cellules
1720 3339 39 21 en
1779 3334 122 30 général
1920 3337 31 24 et
1969 3335 56 26 des
2040 3335 72 34 pha-

1375 3368 125 30 gocytes
1520 3372 38 21 en
1577 3366 183 34 particulier,
1774 3367 78 28 c'est
1871 3368 172 33 l'oxygène;
2065 3376 45 23 or,

1375 3398 184 34 l'apparition
1570 3400 184 28 surlascène
1764 3401 141 34 médicale
1917 3401 58 35 d'un
1985 3403 126 26 nouvel

1374 3435 108 32 agent
1492 3433 224 34 d'oxydation
1727 3439 240 31 permanente,
1976 3437 29 27 le
2014 3437 96 27 Vana-

1375 3467 103 27 diol—
1489 3468 168 32 possédant
1665 3469 28 27 le
1705 3471 123 32 pouvoir
1835 3472 128 26 inconnu
1969 3471 140 34 jusqu'ici

1375 3501 38 26 de
1427 3501 162 34 régénérer
1604 3504 46 25 les
1663 3504 129 27 cellules
1806 3505 107 27 vitales
1927 3512 37 20 en
1978 3505 132 34 oxydant

1374 3536 198 29 directement
1589 3537 229 34 l'hémoglobine
1833 3540 39 27 du
1890 3546 86 28 sang,
1990 3540 118 27 semble

1373 3570 103 28 devoir
1489 3571 75 28 faire
1581 3574 104 26 entrer
1702 3574 28 26 la
1748 3573 76 28 lutte
1842 3576 105 25 contre
1964 3575 29 26 la
2008 3574 100 27 tuber-

1372 3605 106 27 culose
1499 3605 77 28 dans
1595 3613 61 19 une
1680 3607 95 33 phase
1793 3607 157 36 nouvelle;
1973 3608 76 28 c'est
2066 3609 40 25 du

1374 3639 96 27 moins
1483 3645 37 21 ce
1540 3640 50 35 qui
1605 3640 115 28 résulte
1732 3641 56 28 des
1800 3642 200 35 expériences
2017 3642 89 28 faites

1372 3674 18 26 à
1416 3674 132 31 l'hôpital
1578 3675 147 33 Beaujon,
1763 3683 53 25 par
1853 3677 37 26 M.
1923 3677 28 27 le
1982 3677 125 27 docteur

1373 3709 38 26 Le
1422 3709 151 34 Tanneur,
1586 3710 78 27 dans
1679 3711 158 27 différents
1854 3713 144 32 services,
2011 3715 39 29 et,
2065 3721 37 20 en

1371 3743 188 34 Allemagne,
1568 3751 55 28 par
1632 3745 37 26 M.
1678 3746 29 26 le
1718 3745 128 28 docteur
1854 3746 249 35 Schnellenbach,

1372 3779 199 33 expériences
1590 3779 142 34 répétées
1748 3783 29 24 et
1792 3781 181 28 confirmées
1992 3782 109 33 depuis

1370 3818 40 20 un
1424 3820 59 26 peu
1499 3817 121 29 partout
1631 3821 39 20 en
1684 3815 116 28 France
1813 3818 32 25 et
1857 3816 18 26 à
1888 3816 174 34 l'étranger.

1403 3844 41 29 La
1460 3845 182 28 découverte
1658 3848 41 26 du
1722 3849 141 26 Vanadiol
1877 3862 36 7 —
1933 3856 46 20 sel
1994 3856 113 27 special

1370 3878 38 28 de
1429 3879 159 28 vanadium
1601 3894 35 6 —
1658 3883 48 26 est
1732 3882 59 26 due
1809 3890 60 20 aux
1892 3885 125 27 travaux
2038 3884 68 28 d'un

1369 3913 139 29 chimiste
1527 3914 163 37 distingué,
1705 3916 36 29 M.
1762 3916 136 35 Hélouis,
1912 3925 58 28 que
1992 3919 28 27 le
2040 3920 67 34 jury

1369 3949 39 26 de
1426 3949 194 33 l'Exposition
1634 3950 39 28 de
1687 3950 69 28 1900
1774 3959 18 19 a
1805 3953 200 32 récompensé
2018 3954 89 28 d'une

1370 3982 142 28 médaille
1526 3983 74 28 d'or.

1404 4029 58 30 Les
1481 4029 145 30 résultats
1646 4030 129 30 obtenus
1800 4032 77 29 dans
1899 4032 47 30 les
1965 4033 143 36 hôpitaux

1370 4064 180 27 établissent
1563 4072 59 26 que
1634 4065 117 27 l'action
1766 4066 41 27 du
1816 4067 141 27 Vanadiol
1971 4072 50 23 est
2034 4071 76 25 vrai-

1372 4101 84 26 ment
1468 4098 245 29 extraordinaire.
1721 4099 60 28 Des
1791 4102 220 27 constatations
2019 4102 90 29 faites

1354 4140 3 17 ι
1372 4140 38 19 au
1426 4133 34 27 lit
1474 4133 98 27 même
1585 4134 56 26 des
1662 4134 147 35 malades,
1823 4136 21 26 il
1864 4136 115 27 résulte
1998 4144 60 27 que
2073 4145 36 20 ce

1372 4167 51 34 qui
1442 4167 45 27 les
1502 4174 17 20 a
1538 4166 122 36 frappés
1679 4171 88 24 avant
1782 4171 75 32 tout,
1873 4170 75 29 c'est
1966 4171 28 28 la
2014 4175 95 25 trans-

1353 4194 3 42 ¡
1372 4202 156 28 formation
1538 4203 114 33 rapide,
1662 4209 133 28 presque
1804 4205 183 33 immédiate,
1995 4206 38 28 de
2043 4207 66 28 leur

1372 4236 62 27 état
1441 4236 131 33 général.
1579 4236 79 27 Leur
1666 4237 88 34 poids
1762 4245 18 19 a
1789 4241 160 30 augmenté
1956 4241 37 27 de
2003 4245 107 29 quatre

1373 4272 18 26 à
1403 4271 68 33 cinq
1486 4270 78 28 kilos
1578 4278 38 20 en
1630 4273 148 33 quelques
1793 4275 169 35 semaines;
1978 4275 27 26 la
2020 4275 90 29 lièvre

1372 4312 16 20 a
1403 4305 123 33 disparu
1541 4312 36 21 en
1595 4308 105 31 quatre
1719 4307 95 34 jours,
1830 4308 114 33 parfois
1960 4317 40 20 en
2015 4310 93 36 deux;

1370 4339 29 28 le
1421 4339 128 34 malade,
1576 4339 51 34 qui
1658 4346 39 22 ne
1727 4342 122 33 pouvait
1877 4343 70 33 plus
1973 4350 135 28 manger,

1370 4380 110 20 accuse
1513 4380 40 21 un
1580 4374 116 33 appétit
1730 4376 186 34 incroyable,
1945 4380 46 31 et,
2019 4380 90 32 après

1370 4408 148 33 quelques
1538 4407 86 34 jours
1650 4408 39 27 de
1718 4409 185 35 traitement,
1929 4411 29 28 la
1981 4411 72 28 faim
2080 4413 30 28 le

1369 4442 121 27 talonne
1507 4442 279 35 impérieusement.

1402 4489 82 28 Avec
1498 4489 30 27 le
1540 4492 101 25 retour
1658 4490 38 28 de
1715 4491 135 33 l'appétit
1869 4492 117 28 revient
2008 4494 29 27 le
2049 4494 60 28 bon

1367 4524 260 27 fonctionnement
1647 4524 38 27 de
1705 4525 156 33 l'appareil
1884 4527 141 34 digestif;
2041 4530 69 32 plus

1369 4558 37 26 de
1422 4558 203 33 constipation
1641 4558 29 27 ni
1686 4559 37 26 de
1737 4560 148 33 diarrhée,
1903 4561 68 32 plus
1990 4562 37 26 de
2043 4569 67 21 rou-

1368 4598 91 26 geurs
1473 4592 17 26 à
1512 4591 28 28 la
1558 4593 77 33 face,
1649 4592 71 34 plus
1741 4593 213 34 d'oppression
1973 4597 90 31 après
2082 4598 28 26 le

1368 4633 101 27 repas,
1481 4626 71 34 plus
1572 4626 39 27 de
1624 4627 118 27 tension
1766 4627 202 29 douloureuse
1991 4631 17 25 à
2026 4630 85 35 l'épi-

1368 4664 113 29 gastre,
1490 4660 69 33 plus
1569 4661 39 27 de
1618 4661 194 36 prostration,
1823 4663 69 34 plus
1902 4670 98 21 aucun
2011 4664 39 28 de
2057 4673 52 20 ces

1367 4696 188 33 symptômes
1568 4695 51 34 qui
1630 4700 238 29 accompagnent
1882 4697 46 28 les
1938 4700 171 28 mauvaises

1367 4729 180 34 digestions,
1568 4729 27 27 si
1614 4728 178 36 fréquentes
1812 4732 74 26 chez
1907 4732 46 28 les
1972 4733 137 29 tubercu-

1366 4764 70 28 leux
1447 4771 10 27 ;
1484 4764 28 26 la
1542 4766 74 25 toux
1642 4763 133 29 diminue
1801 4766 308 39 considérablement,

1366 4799 77 27 ainsi
1453 4805 59 26 que
1524 4797 247 34 l'expectoration
1779 4807 7 26 ;
1796 4801 201 33 l'oppression
2008 4809 100 27 cesse,

1365 4833 30 27 la
1412 4832 183 35 respiration
1615 4833 156 27 redevient
1791 4835 151 34 normale;
1964 4836 46 27 les
2035 4844 74 27 pou-

1365 4873 88 22 mons
1470 4869 71 25 sont
1554 4869 67 25 tout
1639 4866 193 36 simplement
1854 4876 36 20 en
1902 4870 67 27 voie
1987 4870 37 27 de
2039 4873 71 32 gué-

1366 4902 133 33 rison,et
1510 4907 54 21 ces
1579 4901 171 34 guérisons,
1759 4904 51 32 qui
1825 4906 70 24 sont
1909 4903 39 28 de
1962 4905 82 32 règle
2052 4914 57 20 aux

1365 4935 79 28 deux
1473 4935 147 34 premiers
1649 4935 111 33 degrés
1790 4936 37 29 de
1855 4937 28 27 la
1910 4939 121 33 phtisie,
2058 4944 51 24 ont

1365 4976 110 22 encore
1489 4970 59 26 lieu
1560 4976 37 20 au
1613 4969 154 29 troisième
1782 4970 103 35 degré,
1892 4973 129 34 puisque
2033 4975 76 27 dans

1366 5004 30 28 la
1420 5004 80 28 série
1516 5004 245 28 d'observations
1781 5005 38 28 de
1844 5006 135 29 malades
2007 5009 102 32 guéris

2151 2087 56 27 par
2220 2082 28 26 le
2262 2082 155 33 Vanadiol,
2457 2085 64 27 s'en
2535 2087 105 26 trouve
2658 2086 154 33 plusieurs
2823 2087 75 28 chez

2152 2115 135 35 lesquels
2302 2117 55 27 des
2372 2124 145 22 cavernes
2533 2122 51 25 ont
2598 2120 49 27 été
2661 2121 185 28 cicatrisées.

2184 2158 25 28 A
2223 2164 195 29 proprement
2431 2163 110 33 parler,
2552 2162 28 28 le
2595 2162 143 29 Vanadiol
2750 2164 78 28 n'est
2839 2172 55 27 pas

2150 2199 41 21 un
2207 2194 202 28 médicament
2418 2203 7 20 :
2444 2198 76 26 c'est
2535 2204 39 19 un
2587 2204 189 27 pourvoyeur
2794 2198 100 36 d'oxy-

2151 2229 88 30 gène.
2253 2228 45 27 On
2313 2236 38 21 ne
2372 2232 115 26 saurait
2500 2231 102 28 mieux
2615 2233 27 26 le
2656 2239 158 28 comparer
2826 2235 66 32 qu'à

2152 2268 60 20 une
2231 2263 136 34 fabrique
2388 2265 38 27 de
2449 2272 37 21 ce
2506 2273 55 25 gaz
2580 2268 72 25 dont
2672 2268 27 26 la
2714 2269 177 32 production

2150 2297 94 27 serait
2270 2297 100 34 réglée
2398 2299 17 27 à
2437 2299 29 28 la
2493 2300 121 28 volonté
2634 2300 57 28 des
2710 2302 180 29 intéressés.

2149 2330 92 34 C'est,
2251 2334 103 27 a-t-on
2369 2333 75 27 écrit
2456 2335 18 26 à
2484 2335 83 32 juste
2579 2336 68 26 titre
2658 2345 12 14 «
2679 2335 29 28 le
2723 2338 65 25 seul
2801 2342 91 28 agent

2149 2369 129 29 pouvant
2293 2367 142 32 produire
2446 2375 58 21 une
2519 2370 159 34 oxydation
2695 2375 196 29 permanente

2148 2402 31 23 et
2205 2400 153 35 continue,
2381 2409 74 20 avec
2481 2410 61 20 une
2564 2404 164 32 régularité
2753 2405 135 34 parfaite,

2147 2439 74 22 avec
2234 2441 60 21 une
2311 2436 121 27 activité
2446 2443 39 21 ou
2503 2444 60 20 une
2580 2438 186 28 modération
2787 2447 60 26 que
2862 2441 28 27 le

2149 2469 138 27 médecin
2303 2474 73 30 peut
2390 2471 100 33 régler
2502 2473 18 26 à
2535 2479 56 21 son
2605 2474 88 32 gré».
2704 2475 133 32 Chargés
2851 2476 39 26 de

2147 2502 158 35 l'oxygèno
2319 2505 69 27 créé
2404 2512 52 27 par
2476 2507 29 26 le
2518 2506 154 34 Vanadiol,
2689 2508 46 27 les
2749 2509 139 33 globules

2147 2539 147 32 sanguins
2315 2542 120 31 portent
2458 2548 36 20 ce
2514 2548 56 26 gaz
2590 2543 77 26 dans
2693 2544 84 26 toute
2800 2543 88 28 l'éco-

2147 2572 100 27 nomie
2257 2577 31 23 et
2301 2572 42 29 lui
2357 2575 140 33 rendent,
2511 2583 55 26 par
2575 2580 49 25 cet
2635 2581 119 30 apport,
2767 2578 29 27 la
2805 2578 83 28 force

2147 2609 31 24 et
2204 2607 159 36 l'énergie;
2395 2609 75 28 c'est
2499 2610 78 28 donc
2606 2611 195 33 l'organisme
2831 2613 56 28 lui-

2147 2641 108 33 même,
2268 2642 156 35 régénéré,
2439 2645 49 33 qui
2509 2645 114 28 chasse
2641 2646 60 27 loin
2721 2647 38 26 de
2783 2646 41 27 lui
2839 2648 47 28 les

2147 2682 120 26 germes
2294 2677 173 36 infectieux,
2490 2679 108 34 répare
2619 2687 54 21 ses
2699 2681 129 27 brèches
2855 2685 31 24 et

2147 2711 73 27 lutte
2234 2711 267 30 victorieusement
2519 2718 104 24 contre
2638 2715 29 27 la
2680 2716 205 28 tuberculose.

2147 2745 40 27 En
2207 2746 132 28 d'autres
2355 2751 114 24 termes
2488 2749 75 27 c'est
2582 2750 28 26 la
2629 2750 202 28 modification
2846 2752 38 26 du

2147 2780 109 34 terrain
2277 2781 178 34 préconisée
2476 2790 54 26 par
2553 2783 37 28 M.
2613 2784 105 28 Albert
2737 2785 96 27 Robin
2854 2789 31 24 et

2145 2814 143 35 obtenue,
2310 2823 74 20 sans
2405 2817 229 34 médicaments,
2650 2820 18 25 à
2691 2818 88 29 l'aide
2797 2820 88 27 d'une

2146 2854 83 22 sorte
2238 2851 38 25 de
2285 2851 145 32 recharge
2442 2852 137 28 nouvelle
2593 2854 37 25 de
2640 2853 246 28 l'accumulateur

2145 2884 81 32 vital,
2248 2885 57 26 due
2325 2886 16 25 à
2362 2885 116 28 l'action
2499 2887 36 26 de
2555 2886 175 36 l'oxygène;
2751 2895 61 25 car,
2831 2896 52 20 ces

2146 2917 143 28 résultats
2303 2918 183 29 établissent
2495 2921 67 27 bien
2578 2928 59 27 que
2651 2922 28 27 le
2694 2922 141 28 Vanadiol
2846 2930 38 20 ne

2145 2952 63 28 doit
2222 2960 55 27 pas
2291 2954 65 27 être
2378 2956 160 26 consideré
2557 2962 118 22 comme
2693 2963 39 21 un
2747 2958 136 34 antisep-

2146 2986 80 34 tique
2244 2988 17 26 à
2275 2988 116 33 ajouter
2404 2990 18 26 à
2442 2989 29 28 la
2485 2990 79 28 série
2585 2991 38 27 de
2636 2997 78 22 ceux
2731 2999 60 27 que
2807 2999 77 21 nous

2145 3028 92 22 avons
2253 3023 74 34 déjà,
2341 3024 77 27 mais
2432 3031 117 21 comme
2562 3032 40 21 un
2616 3026 216 33 régénérateur
2846 3028 37 27 de

2143 3056 28 27 la
2189 3057 110 28 cellule
2316 3059 120 27 vivante
2451 3060 166 28 amoindrie
2632 3068 54 26 par
2705 3062 30 27 la
2753 3063 129 27 maladie

2142 3097 39 20 ou
2194 3098 55 27 par
2259 3098 60 21 une
2333 3094 234 34 prédisposition
2582 3095 146 28 morbide.

2176 3128 59 28 Les
2258 3133 124 24 travaux
2408 3133 156 33 pratiqués
2586 3134 110 32 depuis
2725 3140 53 21 sur
2801 3136 81 25 cette

2142 3164 140 31 question
2303 3171 38 20 en
2364 3165 189 36 Allemagne,
2572 3167 71 34 plus
2660 3168 221 33 spécialement

2141 3197 77 29 dans
2228 3200 44 26 les
2285 3198 143 33 hôpitaux
2437 3200 38 28 de
2486 3201 109 33 Berlin,
2605 3202 130 33 Leipzig,
2750 3203 128 31 Munich,

2140 3231 163 36 Francfort,
2317 3234 95 35 Bonn,
2427 3234 140 34 Cologne,
2582 3236 183 32 Dusseldorf,
2779 3237 100 28 Elber-

2140 3266 69 35 feld,
2218 3268 237 36 Hagen,Altona,
2466 3269 217 36 Hohenhonnef;
2692 3279 35 20 en
2737 3272 141 34 Belgique

2139 3301 77 28 dans
2234 3302 47 27 les
2298 3302 143 35 hôpitaux
2453 3304 144 29 d'Anvers
2611 3308 31 25 et
2655 3306 38 27 de
2705 3306 172 35 Bruxelles;

2139 3343 36 19 en
2197 3337 181 32 Angleterre
2398 3340 32 25 et
2447 3346 38 20 en
2508 3339 149 34 Espagne,
2674 3347 39 21 ne
2735 3342 63 26 font
2818 3348 59 27 que

2139 3371 161 27 confirmer
2311 3378 55 21 ces
2378 3372 226 37 observations;
2620 3381 37 20 on
2678 3375 45 26 les
2737 3378 140 24 trouvera

2140 3404 121 27 réunies
2282 3412 35 20 en
2343 3407 96 32 partie
2464 3408 76 26 dans
2559 3409 28 26 le
2611 3408 125 28 Bulletin
2757 3408 120 28 Médical

2138 3436 45 34 (31
2200 3439 162 28 décembre
2373 3439 80 35 1902)
2462 3449 9 26 ;
2480 3442 77 26 dans
2569 3441 28 28 le
2612 3441 122 29 Journal
2743 3443 34 27 de
2788 3442 89 28 Méde-

2137 3472 59 27 cine
2218 3474 33 25 de
2274 3473 87 28 Paris
2388 3475 46 28 (18
2457 3476 117 33 janvier
2592 3475 81 34 1903)
2698 3480 31 24 et
2751 3478 76 26 dans
2848 3479 30 26 le

2139 3505 160 38 Répertoire
2316 3508 31 27 de
2365 3507 215 38 Thérapeutique
2594 3511 120 32 (février
2727 3510 91 33 1903).

2168 3548 103 29 Citons
2311 3552 230 28 textuellement
2579 3553 29 28 le
2641 3552 164 36 Répertoire
2843 3554 35 27 de

2140 3582 219 37 Thérapeutique
2379 3592 7 8 ·

2186 3629 180 28 Aujourd'hui
2385 3635 53 24 que
2463 3631 50 24 des
2534 3632 72 24 mois
2631 3636 30 20 se
2684 3634 65 23 sont
2768 3633 109 25 écoulés

2135 3655 95 27 depuis
2253 3655 23 21 le
2298 3655 84 24 début
2406 3658 32 21 de
2460 3663 50 17 nos
2532 3658 126 26 travaux,
2680 3663 71 19 nous
2773 3660 103 22 devons

2134 3680 171 23 reconnaître
2323 3686 53 23 que
2399 3682 39 23 les
2459 3682 131 25 résultats
2613 3683 50 24 ont
2682 3684 43 23 été
2746 3685 49 22 des
2813 3686 63 27 plus

2134 3706 215 28 remarquables,
2363 3706 26 24 et
2407 3713 52 22 que
2477 3709 24 22 le
2518 3711 153 21 Vanadiol
2689 3711 105 22 semble
2813 3716 63 22 pos-

2135 3731 79 22 séder
2221 3736 38 18 un
2268 3733 80 22 mode
2357 3733 28 22 et
2394 3738 53 18 une
2457 3734 148 27 puissance
2614 3734 117 24 d'action
2741 3736 135 23 inconnus

2133 3756 107 28 Jusqu'à
2256 3762 30 18 ce
2298 3756 71 28 Jour.

2159 3788 11 15 «
2187 3784 72 21 Tous
2272 3787 51 19 nos
2336 3783 138 24 confrères
2487 3784 63 24 sont
2564 3785 123 24 d'accord
2700 3792 70 22 pour
2783 3792 94 19 recon-

2134 3805 89 26 naître
2245 3808 24 22 la
2291 3809 146 26 puissance
2460 3811 36 22 du
2520 3809 164 29 Vanadiol
2705 3813 19 22 il
2742 3812 88 24 active
2850 3814 25 22 la

2134 3833 134 24 nutrition
2291 3834 28 23 et
2346 3835 88 22 relève
2455 3835 73 23 l'état
2553 3837 110 31 général
2684 3837 48 24 des
2754 3838 122 23 malades

2135 3858 126 28 affaiblis,
2277 3864 66 19 avec
2359 3865 53 18 une
2429 3862 117 26 rapidité
2560 3862 205 28 incomparable
2779 3865 15 22 à
2811 3865 66 22 celle

2135 3884 33 23 de
2182 3884 62 25 tout
2255 3884 79 25 autre
2347 3885 82 28 agent
2441 3883 208 34 thérapeutique
2662 3896 12 15 »

2169 3938 44 27 Du
2226 3938 131 28 Bulletin
2368 3940 122 28 médical
2506 3944 32 24 et
2554 3949 38 20 au
2606 3943 82 32 sujet
2706 3944 39 26 du
2764 3943 114 28 relève-

2138 3975 81 24 ment
2232 3973 38 26 de
2289 3973 136 33 l'appétit
2441 3975 75 27 chez
2534 3975 47 28 les
2602 3977 209 32 tuberculeux,
2825 3984 55 27 par

2138 4006 28 27 le
2181 4005 172 30 Vanadiol
2367 4015 8 21 :

2161 4059 12 14 •
2188 4053 44 25 Or,
2244 4058 70 18 nous
2331 4059 126 24 pouvons
2472 4056 122 22 affirmer
2607 4068 25 6 —
2650 4058 24 20 le
2687 4057 48 22 fait
2747 4057 43 22 est
2803 4058 75 22 facile

2136 4077 15 21 à
2171 4077 116 27 vérifier,
2311 4079 62 22 bien
2394 4078 63 28 qu'il
2479 4081 124 26 paraisse
2623 4081 219 25 extraordinaire
2854 4094 25 5 —

2137 4106 52 28 que
2206 4102 136 30 toujours,
2359 4108 49 19 sur
2426 4109 54 19 une
2500 4106 124 24 centaine
2638 4107 33 23 de
2688 4111 48 20 cas
2756 4107 123 28 environ,

2137 4128 127 28 l'appétit,
2277 4129 27 23 et
2317 4135 37 17 un
2368 4130 105 28 appétit
2487 4131 119 28 sérieux,
2621 4138 15 17 a
2649 4134 159 21 commencé
2819 4134 15 23 a
2850 4139 29 17 se

2137 4150 159 28 manifestar
2314 4155 48 24 dès
2382 4151 26 32 le
2424 4155 142 25 troisième
2585 4163 36 18 ou
2640 4158 153 27 quatrième
2808 4159 71 27 jour.

2136 4180 105 24 Parfois
2255 4180 97 30 même,
2361 4181 18 24 il
2392 4182 139 29 dépassait
2546 4184 39 24 les
2599 4184 102 25 bornes
2715 4184 27 25 et
2759 4184 49 25 dut
2823 4184 56 25 être

2137 4207 114 23 modéré
2265 4214 20 16 ».

2169 4250 45 27 Du
2230 4250 125 29 Journal
2368 4251 34 27 de
2417 4251 139 30 Médecine
2569 4254 33 26 de
2618 4254 81 28 Pari»
2711 4262 11 21 :

2162 4302 12 14 «
2188 4297 35 22 Le
2235 4295 94 25 retour
2341 4298 33 22 de
2387 4298 122 28 l'appétit
2520 4298 68 24 n'est
2597 4304 50 22 pas
2660 4304 37 19 un
2709 4300 170 28 phénomène

2137 4321 78 23 isolé,
2227 4322 27 22 et
2270 4327 30 17 ce
2316 4323 47 27 qui
2379 4328 103 22 prouve
2499 4325 63 26 qu'il
2576 4326 104 26 repond
2697 4327 14 22 à
2726 4331 36 18 un
2779 4326 101 23 relève-

2137 4351 78 19 ment
2224 4344 110 33 général
2343 4349 34 22 de
2389 4349 24 23 la
2424 4349 143 27 nutrition,
2575 4350 65 24 c'est
2649 4350 231 25 l'accroissement

2137 4373 36 21 du
2185 4373 80 25 poids
2279 4373 37 23 du
2332 4377 91 27 corps.
2438 4374 74 24 Cette
2526 4376 209 27 augmentation
2747 4378 37 22 du
2798 4378 82 26 poids

2138 4403 14 17 a
2172 4398 43 23 été
2235 4398 33 22 de
2286 4399 13 21 2
2315 4400 14 21 à
2349 4400 12 21 3
2377 4399 83 23 livres
2477 4406 34 17 en
2527 4401 62 28 cinq
2608 4401 137 24 semaines
2764 4402 116 24 environ

2138 4423 69 25 dans
2219 4424 24 22 la
2258 4428 133 25 moyenne
2405 4425 48 23 des
2468 4431 59 21 cas;
2540 4431 75 19 nous
2623 4432 86 19 avons
2722 4427 102 24 obtenu
2840 4430 12 21 5
2864 4430 14 22 à

2136 4449 14 22 6
2162 4449 82 24 livres
2260 4454 33 18 en
2310 4451 72 22 deux
2400 4452 72 22 mois
2488 4453 70 22 dans
2578 4458 52 18 une
2647 4453 106 24 dizaine
2765 4454 34 23 de
2816 4459 63 22 cas;

2138 4474 81 29 enfin,
2240 4475 139 27 plusieurs
2398 4478 122 23 malades
2543 4478 49 23 ont
2610 4479 89 27 gagné
2716 4481 13 21 4
2745 4481 15 21 à
2779 4481 14 21 5
2809 4480 70 24 kilos

2138 4502 80 26 après
2232 4497 71 27 deux
2321 4507 37 18 ou
2374 4502 69 24 trois
2460 4504 79 23 mois.
2552 4504 70 23 Chez
2640 4505 40 23 les
2700 4506 180 23 tuberculeux

2139 4528 136 26 auxquels
2296 4532 71 18 nous
2388 4533 88 19 avons
2492 4530 163 23 administré
2676 4531 24 23 le
2720 4534 160 25 Vanadiol,

2138 4557 71 18 nous
2223 4557 86 18 avons
2322 4553 124 24 constaté
2458 4555 24 22 la
2497 4556 137 23 cessation
2648 4556 49 23 des
2710 4562 106 20 sueurs,
2828 4563 52 17 une

2138 4577 165 23 diminution
2314 4579 33 21 de
2357 4578 25 23 la
2391 4579 68 24 toux
2469 4580 28 22 et
2504 4585 53 17 une
2568 4581 191 24 amélioration
2769 4582 111 24 notable

2138 4602 69 24 dans
2228 4603 25 22 la
2275 4603 98 24 nature
2393 4605 49 22 des
2467 4602 136 30 crachats,
2626 4607 46 27 qui
2691 4607 33 23 de
2743 4607 75 23 verts
2844 4614 36 17 ou

2137 4628 97 27 Jaunes
2251 4629 162 24 devenaient
2427 4630 107 27 blancs;
2550 4632 25 23 la
2595 4632 83 23 fièvre
2696 4633 154 26 également
2865 4639 14 17 a

2138 4658 118 23 presque
2268 4654 128 28 toujours
2406 4655 112 28 disparu
2531 4662 34 18 au
2577 4658 68 23 bout
2657 4659 32 21 de
2702 4659 26 22 10
2739 4660 14 21 a
2767 4660 25 21 15
2802 4659 78 27 jours

2138 4679 33 23 de
2185 4679 167 25 traitement.
2363 4681 47 23 Ces
2428 4682 185 28 phénomènes
2627 4684 121 23 heureux
2762 4684 118 28 peuvent

2137 4704 72 24 tenir
2222 4706 15 22 à
2258 4706 24 22 la
2302 4706 164 28 production
2484 4708 33 22 de
2533 4708 142 29 l'oxygène
2692 4710 126 23 naissant
2834 4710 45 28 qui

2138 4730 57 27 agit
2206 4735 108 19 comme
2326 4732 184 29 antiseptique
2522 4739 49 18 sur
2583 4735 39 22 les
2635 4735 117 26 toxines,
2766 4741 35 17 ou
2815 4741 65 23 peu-

2139 4756 66 23 vent
2217 4756 57 23 être
2281 4756 135 25 attribués
2427 4763 35 19 au
2473 4759 164 24 relèvement
2647 4761 33 22 de
2689 4761 74 24 l'état
2771 4762 110 27 général

2137 4782 146 23 ramenant
2292 4782 25 24 le
2329 4784 108 23 malade
2449 4790 63 18 vers
2522 4786 24 22 la
2560 4786 141 24 condition
2713 4787 123 24 normale
2848 4788 33 23 de

2138 4807 139 23 l'individu
2294 4809 68 27 sain,
2376 4809 45 28 qui
2439 4810 42 23 est
2498 4811 210 24 naturellement
2725 4813 156 23 réfractaire

2137 4834 14 21 à
2163 4833 24 23 la
2202 4834 182 24 tuberculose.
2398 4835 38 22 En
2449 4836 62 23 tout
2522 4841 56 23 cas,
2593 4837 65 23 chez
2673 4838 39 23 les
2726 4839 154 23 nombreux

2138 4858 180 25 tuberculeux
2342 4862 135 28 auxquels
2503 4867 70 18 nous
2597 4868 87 19 avons
2707 4864 127 27 appliqué
2857 4865 24 22 le

2137 4885 159 23 traitement
2308 4886 124 26 vanadié,
2445 4888 39 21 les
2498 4887 133 24 résultats
2646 4888 49 24 ont
2709 4889 116 28 dépassé
2841 4890 40 23 les

2137 4910 139 23 meilleurs
2285 4911 78 23 effets
2372 4912 33 22 de
2413 4912 92 24 toutes
2514 4913 39 23 les
2564 4914 180 24 médications
2752 4916 129 29 essayées

2139 4935 241 25 antérieurement.
2392 4944 12 15 »

2172 4974 57 29 Les
2247 4976 100 33 lignes
2366 4977 167 36 suivantes,
2552 4980 146 28 extraites
2717 4981 39 27 du
2773 4980 109 35 Compte

2138 5010 89 27 rendu
2250 5010 41 27 du
2320 5011 126 35 Congrès
2475 5013 36 27 de
2536 5012 31 29 la
2592 5014 175 28 tuberculose
2794 5015 87 36 1898,

2912 2089 3 36 ¡
2924 2087 33 26 4»
2972 2088 117 34 session,
3108 2092 72 25 sont
3198 2091 71 33 plus
3287 2092 181 35 éloquentes
3486 2099 61 30 que
3565 2095 105 28 toutes

2925 2122 44 28 les
2985 2123 214 29 dissertations
3215 2132 7 22 :

2947 2171 13 13 «
2981 2165 36 22 Le
3035 2166 152 22 Vanadiol
3213 2167 43 23 est
3276 2172 37 18 un
3333 2169 184 24 médicament
3533 2170 33 22 de
3584 2169 83 24 choix

2922 2193 70 23 pour
3008 2190 40 23 les
3064 2190 163 30 phtisiques,
3244 2195 136 25 auxquels
3395 2195 18 22 il
3430 2195 90 23 donne
3538 2195 128 27 toujours

2922 2215 33 22 de
2966 2215 121 28 l'appétit
3099 2218 27 22 et
3138 2217 65 24 chez
3218 2214 119 31 lesquels
3347 2220 19 23 il
3376 2221 144 24 contribue
3530 2222 137 27 puissam-

2922 2242 75 22 ment
3016 2247 35 18 au
3068 2243 166 26 relèvement
3255 2245 48 24 dea
3327 2245 88 25 forces
3439 2246 26 25 et
3484 2248 33 23 de
3540 2247 125 28 l'énergie

2920 2266 83 24 vitale
3013 2274 20 17 ».

2953 2305 42 29 Le
3007 2307 130 29 Docteur
3150 2308 159 35 BARADAT,
3324 2311 37 27 de
3377 2311 128 33 Cannes,
3514 2314 79 26 dans
3607 2320 56 20 son

2921 2340 72 28 livre
3009 2349 53 20 sur
3075 2348 10 22 :
3104 2343 49 27 Les
3170 2344 104 35 Agents
3288 2343 152 38 physiques
3457 2347 73 27 dans
3552 2347 27 27 ta
3598 2355 67 20 cure

2920 2375 33 27 de
2968 2376 29 27 la
3011 2375 181 35 tuberculose,
3206 2386 75 26 page
3294 2379 43 34 45,
3351 2381 161 33 s'exprime
3526 2382 77 27 ainsi
3619 2389 8 22 :

2943 2427 12 15 •
2969 2421 51 23 Les
3037 2422 131 23 résultats
3185 2422 166 26 invariables
3367 2426 37 22 du
3423 2425 158 25 traitement
3597 2427 65 29 sont

2918 2445 24 23 le
2963 2448 94 22 retour
3075 2448 152 27 impérieux
3248 2451 34 22 de
3305 2448 127 35 l'appétit,
3451 2452 25 23 le
3496 2453 166 24 relèvement

2918 2472 49 24 des
2986 2473 97 27 forces,
3102 2471 208 28 l'amélioration
3329 2476 34 24 de
3377 2478 25 23 la
3422 2479 142 26 nutrition,
3577 2484 34 19 en
3624 2485 37 18 un

2918 2500 58 21 mot
2986 2499 24 23 la
3023 2499 227 25 transformation
3263 2502 61 22 d'un
3336 2503 101 23 terrain
3449 2504 211 24 tuberculisable
3682 2501 3 18 1

2917 2528 34 18 en
2968 2529 37 18 un
3025 2525 103 24 terrain
3143 2527 165 25 réfractaire.
3319 2528 49 25 J'ai
3387 2529 186 28 expérimenté
3592 2531 68 24 moi-
3681 2540 3 14 ι

2917 2549 89 24 môme
3021 2552 23 21 le
3057 2551 159 24 traitement
3229 2554 37 22 du
3279 2556 151 22 Vanadiol
3441 2556 69 24 dans
3523 2562 43 18 ma
3579 2557 82 24 clien-

2916 2575 52 24 tèie
2980 2577 92 26 privée
3091 2579 28 22 et
3135 2583 35 18 au
3189 2578 171 29 dispensaire
3376 2581 34 23 de
3426 2582 24 22 la
3464 2582 196 29 Croix-Rouge,

2916 2601 33 22 de
2965 2602 114 29 Cannes,
3093 2603 28 25 et
3137 2604 53 28 J'en
3207 2605 26 24 ai
3249 2605 103 26 obtenu
3372 2607 48 25 des
3438 2609 96 24 succès
3551 2613 109 25 surpre-

2915 2627 90 25 nants.
3019 2635 11 15 »

2948 2666 81 29 Dans
3042 2669 29 27 le
3086 2667 140 31 Moniteur
3237 2670 170 38 scientifique
3419 2674 136 30 (octobre
3568 2673 92 37 1902),

2915 2701 40 27 du
2987 2702 132 30 Docteur
3149 2704 37 28 G.
3216 2704 237 35 QUESNEVILLE,
3486 2709 175 35 professeur

2914 2737 111 33 agrégé
3054 2739 18 26 à
3099 2739 109 29 l'Ecole
3233 2741 38 27 de
3298 2741 174 29 Pharmacie
3498 2744 39 26 de
3565 2744 94 33 Paris,

2914 2770 64 28 MM.
3005 2772 31 27 P.
3068 2772 132 33 GLOESS,
3232 2775 37 27 de
3291 2774 123 29 Soleure
3443 2780 32 25 et
3498 2778 161 34 BERNARD,

2914 2806 38 25 de
2978 2805 126 36 Belfort,
3132 2808 158 28 résument
3318 2810 79 27 ainsi
3427 2811 48 28 les
3506 2813 88 26 effets
3619 2814 40 27 du

2913 2840 172 29 Vanadiol
3099 2849 40 21 en
3152 2842 271 35 thérapeutique:«
3434 2845 24 27 Il
3468 2847 62 32 agit
3544 2853 116 21 comme

2914 2875 157 28 stimulant
3106 2879 32 25 et
3170 2883 117 22 comme
3312 2879 130 33 oxydant
3473 2887 51 21 sur
3552 2880 108 35 l'orga-

2913 2909 97 27 nisme
3029 2917 26 20 ».

2945 2942 77 28 Tout
3040 2943 76 36 cela,
3136 2951 38 22 on
3188 2945 29 29 le
3231 2946 74 34 voit,
3319 2950 50 26 est
3390 2946 129 31 définitif
3536 2950 33 27 et
3588 2956 69 28 pro-

2912 2976 86 37 bant;
3011 2979 89 33 mais,
3116 2980 27 27 si
3157 2987 37 20 on
3207 2981 139 28 combine
3357 2982 118 28 l'action
3491 2984 39 27 du
3542 2984 115 28 Vana-
3678 2997 3 30 ¡

2912 3012 69 29 diol
2998 3014 17 26 à
3029 3014 75 28 celle
3119 3015 39 28 du
3173 3014 288 38 Vanadiosérum,
3477 3026 38 20 on
3529 3018 126 36 obtient,
3678 3010 3 26 '

2911 3047 38 27 de
2971 3049 85 27 l'avis
3078 3049 39 28 de
3137 3053 70 28 tous
3230 3051 47 28 les
3297 3052 155 28 médecins
3473 3054 51 34 qui
3542 3060 38 21 en
3603 3059 52 23 ont
3676 3053 4 42 |

2910 3081 51 27 fait
2990 3083 125 32 l'essai,
3152 3084 56 27 des
3244 3086 147 27 résultats
3423 3088 38 25 de
3496 3089 158 35 beaucoup
3676 3110 4 5 .

2910 3116 175 33 supérieurs
3106 3119 18 26 à
3141 3125 78 21 ceux
3236 3119 56 28 des
3313 3121 189 27 traitements
3520 3122 47 28 les
3585 3125 68 33 plus
3676 3114 4 40 I

2909 3149 149 29 efficaces.
3090 3152 57 27 Les
3175 3152 87 29 effets
3291 3154 39 27 du
3358 3155 171 29 Vanadiol
3557 3161 32 23 et
3612 3158 39 28 du
3674 3168 5 18 ι

2908 3184 277 31 Vanadiosérum
3207 3193 54 23 sur
3287 3188 45 28 les
3356 3190 134 29 malades
3510 3195 142 33 peuvent,
3674 3182 5 27 '

2908 3219 164 35 d'ailleurs,
3086 3228 35 20 se
3139 3222 138 27 résumer
3290 3224 78 27 ainsi
3383 3231 8 21 ;

2932 3272 12 14 «
2958 3266 23 22 1°
2997 3266 87 26 Après
3105 3271 54 18 une
3180 3267 122 24 semaine
3324 3269 34 23 de
3379 3268 171 29 traitement,
3576 3272 72 24 l'état
3671 3281 7 15 ι

2905 3290 110 27 général
3034 3291 43 23 est
3097 3294 269 26 remarquablement
3382 3295 137 30 amélioré,
3536 3297 26 23 la
3579 3297 68 26 toux
3670 3293 8 35 f

2906 3321 84 24 cesse,
3003 3317 40 23 les
3060 3319 222 27 expectorations
3295 3319 166 28 diminuent;

2931 3349 11 14 «
2956 3343 22 22 2·
2989 3344 36 21 Le
3036 3345 150 21 Vanadiol
3197 3345 88 23 excite
3296 3346 121 28 l'appétit
3433 3348 78 23 d'une
3525 3350 121 23 manière

2905 3367 218 25 extraordinaire
3136 3375 34 17 en
3189 3371 174 27 supprimant
3379 3373 112 23 d'abord
3510 3374 25 22 la
3557 3375 89 28 répul-
3670 3381 8 18 :

2906 3392 69 29 sion,
2995 3394 102 27 parfois
3118 3395 153 24 invincibles
3294 3397 94 27 qu'ont
3406 3398 39 23 les
3466 3398 178 27 tuberculeux

2904 3423 70 28 pour
2983 3419 77 23 toute
3072 3420 165 24 nourriture.
3250 3424 34 21 Ce
3298 3423 116 23 résultat
3423 3423 44 23 est
3478 3425 102 23 obtenu
3595 3432 49 23 por

2904 3444 25 22 la
2955 3445 191 24 merveilleuse
3166 3448 136 27 propriété
3325 3453 52 22 que
3399 3450 117 29 possède
3538 3452 65 22 seul
3619 3453 25 23 le

2904 3471 161 26 Vanadiol,
3072 3471 33 23 de
3113 3471 120 24 détruire
3240 3478 50 23 par
3299 3475 150 28 oxydation
3460 3475 39 24 les
3508 3477 135 24 microbes

2905 3496 27 22 et
2943 3495 39 24 les
3000 3496 110 23 toxines
3130 3497 123 28 (poisons
3269 3499 175 28 microbiens)
3461 3502 33 22 de
3507 3497 137 33 l'appareil

2905 3521 117 25 digestif.
3035 3523 38 21 En
3088 3523 77 27 vingt
3175 3523 85 28 jours,
3274 3530 35 17 on
3327 3526 106 23 obtient
3449 3532 53 18 une
3516 3533 129 23 augmen-

2905 3547 87 24 talion
3005 3548 34 22 de
3050 3548 80 27 poids
3141 3549 34 22 de
3191 3549 72 24 deux
3279 3551 209 28 kilogramme»;

2929 3580 12 14 «
2955 3574 21 23 3°
2991 3574 36 22 Le
3044 3575 246 24 Vanadiosérum
3309 3579 146 25 augmente
3474 3579 170 27 rapidement

2904 3597 24 25 le
2945 3599 109 22 nombre
3071 3599 48 23 des
3137 3600 119 27 globules
3274 3599 140 32 sanguins.
3436 3600 98 31 Injecté
3550 3611 50 21 par
3617 3608 25 22 la

2904 3623 61 24 voie
2975 3624 226 32 hypodermique,
3209 3625 18 25 il
3237 3627 119 24 favorise
3367 3628 159 26 l'hématose
3533 3631 110 30 (pbéno-

2905 3651 79 22 mène
3006 3651 188 27 respiratoire)
3224 3658 50 26 par
3300 3654 167 29 l'oxydation
3493 3658 92 25 rapide
3610 3659 32 21 de

2904 3675 215 28 l'hémoglobine.
3130 3677 20 22 Il
3162 3677 118 24 accélère
3289 3679 25 23 la
3327 3680 133 24 nutrition
3475 3682 78 23 d'une
3565 3683 77 28 façon

2904 3701 262 28 remarquable.Une
3177 3704 128 27 injection
3316 3705 34 23 de
3359 3711 36 18 un
3406 3707 159 25 centimètre
3575 3710 68 22 cube

2904 3727 33 22 de
2963 3730 243 20 Vanadiosérum
3232 3730 87 25 calme
3348 3732 234 24 instantanément
3604 3735 39 23 les

2904 3752 131 24 douleurs
3048 3754 191 25 intercostales
3251 3756 48 22 des
3312 3756 153 29 phtisiques
3477 3765 20 19 ».

2940 3797 83 28 Cette
3038 3799 153 33 propriété
3206 3799 39 28 du
3253 3800 171 30 Vanadiol
3438 3805 31 25 et
3481 3804 39 27 du
3532 3803 111 29 Vano-
3668 3822 6 16 ,

2905 3830 175 29 diosérum
3097 3833 207 33 d'augmenter
3321 3835 29 27 le
3369 3837 124 28 nombre
3508 3839 55 26 des
3580 3840 65 31 glo-
3668 3829 6 35 i

2906 3866 87 28 bules
3009 3873 111 26 rouges
3134 3874 38 21 en
3184 3869 75 27 rend
3273 3869 130 36 l'emploi
3413 3871 141 35 précieux
3568 3873 77 28 dans
3668 3881 6 20 ι

2908 3904 67 25 tous
2995 3901 47 29 les
3063 3909 54 21 cas
3135 3903 39 27 de
3193 3903 224 35 lymphatisme,
3434 3906 158 34 d'anémie,
3607 3910 37 27 de

2906 3936 187 33 chlorose,et
3102 3944 37 20 en
3150 3938 120 32 général
3281 3939 76 27 dans
3368 3945 100 23 toutes
3481 3942 45 27 les
3535 3949 111 22 conva-
3668 3941 5 39 |

2907 3970 169 32 lescences,
3092 3971 102 33 quelle
3213 3973 91 32 qu'ait
3322 3972 49 34 été
3391 3976 28 24 la
3437 3979 105 24 nature
3560 3976 39 28 de
3617 3978 29 26 la

2909 4004 135 27 maladie,
3065 3996 25 36 il
3107 4005 62 32 agit
3186 4005 81 28 alors
3289 3998 116 41 comme
3422 4013 170 24 remontant
3609 4013 37 26 de

2907 4038 200 36 l'organisme,
3128 4047 39 20 en
3188 4040 153 29 modifiant
3369 4044 223 32 profondément
3617 4047 29 28 le
3670 4058 2 20 ι

2908 4073 110 27 terrain
3049 4074 27 26 si
3104 4073 165 35 favorable,
3295 4076 73 28 chez
3399 4077 46 27 tes
3477 4086 169 26 personnes

2908 4107 143 27 atteintes
3062 4106 37 29 de
3107 4113 54 22 ces
3172 4108 166 35 affections,
3349 4118 38 21 AU
3397 4112 251 35 développement

2908 4141 37 27 de
2958 4142 29 26 la
3001 4142 203 36 tuberculose,
3218 4146 31 26 et
3262 4151 53 28 par
3331 4146 80 28 suite
3424 4147 46 27 les
3485 4149 163 29 immunise

2907 4179 103 25 contre
3030 4177 26 26 le
3075 4176 87 29 fléau.

2939 4210 41 28 Le
2986 4211 173 28 Vanadiol
3173 4213 32 25 et
3217 4212 30 28 le
3254 4212 290 39 Vanadiosérum,
3558 4218 89 32 grâce

2908 4246 16 25 à
2942 4245 84 27 leurs
3042 4246 169 33 propriétés
3231 4249 216 32 oxygénantes,
3460 4252 188 29 constituent

2907 4278 172 34 également
3096 4281 28 27 le
3138 4280 123 28 reméde
3274 4285 158 26 souverain
3448 4290 9 21 :

2932 4328 12 14 «
2958 4322 23 22 1°
2994 4321 52 22 Des
3065 4322 134 23 maladies
3213 4323 71 22 dites
3305 4328 51 22 par
3376 4325 220 25 ralentissement
3614 4329 34 23 de

2907 4346 24 22 la
2949 4345 134 25 nutrition
3102 4348 201 31 (rhumatisme.
3321 4352 114 23 diabète,
3453 4353 194 29 albuminurie,

2907 4372 103 26 goutte,
3020 4369 127 31 gravelle,
3159 4374 59 26 etc.)
3226 4380 6 17 ;

2932 4404 12 14 «
2958 4398 23 22 2°
2995 4398 36 21 De
3050 4397 93 23 toutes
3162 4400 39 20 les
3219 4399 132 24 maladies
3368 4401 34 23 de
3418 4402 139 24 l'estomac
3575 4405 73 28 (dys-

2908 4423 100 28 pepsie,
3023 4422 156 29 gastralgie,
3191 4424 42 24 etc
3243 4427 7 24 )
3260 4431 6 19 ;

2931 4454 14 15 «
2958 4450 22 21 3°
2994 4450 53 22 Des
3071 4450 132 23 maladies
3227 4452 48 21 des
3307 4455 118 24 organes
3456 4453 191 30 respiratoires

2907 4472 190 32 (tuberculose,
3123 4475 158 25 bronchites
3305 4477 173 29 chroniques,
3502 4481 68 26 etc.),
3599 4487 49 22 par

2908 4496 167 33 l'oxydation
3099 4502 49 22 des
3171 4499 111 36 toxines
3317 4505 199 24 microbiennes
3549 4507 27 22 et
3599 4512 50 26 par

2908 4525 128 24 l'énorme
3061 4526 104 31 appétit
3189 4529 80 28 qu'ils
3292 4528 122 24 donnent,
3439 4536 54 18 aux
3518 4533 131 26 malades,

2908 4551 132 23 résultats
3051 4553 46 26 qui
3110 4552 59 23 font
3180 4553 164 28 disparaître
3353 4557 169 29 rapidement
3533 4558 63 22 tous
3609 4559 40 22 les

2908 4576 185 26 phénomènes
3106 4578 152 23 alarmants
3276 4584 32 17 eu
3327 4576 115 27 rendant
3454 4582 24 23 la
3492 4587 115 25 vigueur
3621 4585 28 22 et

2907 4597 25 27 la
2945 4601 73 23 force
3029 4602 83 26 grâce
3122 4603 14 22 à
3152 4602 141 29 l'oxygène
3305 4606 64 21 actif
3381 4611 52 20 que
3446 4607 23 22 la
3484 4607 164 26 médication

2908 4627 130 24 vanadiée
3053 4628 103 28 répand
3168 4628 69 25 dans
3252 4629 61 24 tout
3325 4630 183 28 l'organisme.
3520 4640 13 16 »

2942 4672 145 34 Ajoutons
3110 4680 59 26 que
3190 4673 28 28 le
3242 4674 173 28 traitement
3439 4677 38 28 de
3499 4678 28 27 la
3547 4677 101 30 tuber-

2908 4706 105 28 culose
3021 4706 187 34 pulmonaire
3221 4708 50 37 par
3279 4708 31 37 le
3318 4709 169 30 Vanadiol
3497 4712 153 36 Hélouis,

2908 4742 49 26 est
2971 4742 17 26 à
3002 4741 28 26 la
3043 4740 58 29 fois
3113 4742 28 27 le
3152 4742 98 28 moins
3265 4743 72 27 cher
3346 4748 31 24 et
3391 4746 28 25 le
3433 4746 69 33 plus
3516 4748 133 31 efficace.

2909 4775 62 32 Que
2993 4775 46 27 les
3053 4776 135 28 malades
3202 4783 39 21 ou
3263 4778 47 27 les
3332 4780 158 28 médecins
3508 4783 50 33 qui
3577 4783 74 28 dou-

2910 4811 127 26 teraient
3062 4816 33 22 se
3120 4811 139 28 décident
3285 4813 17 26 à
3323 4820 36 21 en
3384 4814 73 27 faire
3477 4816 114 33 l'essai,
3610 4819 39 27 ils

2908 4847 104 24 seront
3020 4844 58 27 vite
3088 4847 182 27 convaincus
3278 4847 70 33 qu'il
3357 4849 129 28 n'existe
3494 4858 68 27 pas,
3572 4852 77 28 dans

2910 4878 80 28 l'état
3004 4880 97 26 actuel
3118 4880 38 27 de
3176 4880 29 27 la
3223 4881 134 35 science,
3372 4883 38 28 de
3424 4885 69 32 plus
3508 4887 143 32 puissant

2909 4913 214 33 régénérateur
3147 4915 38 27 de
3212 4915 28 27 la
3264 4916 109 28 cellule
3400 4918 98 35 vitale,
3527 4925 41 30 et,
3596 4930 54 26 par

2909 4948 198 34 conséquent,
3118 4950 36 26 de
3168 4950 137 27 meilleur
3315 4955 90 30 agent
3419 4953 230 37 thérapeutique

2909 4988 76 27 pour
3005 4982 92 28 lutter
3120 4984 269 31 victorieusement
3409 4992 104 25 contre
3535 4990 30 28 le
3587 4994 62 26 ter-

2909 5016 77 28 rible
2999 5015 107 29 bacille
3120 5018 38 27 de
3169 5018 93 29 Kocb.

3745 1898 1112 233 VanadiolHélouis

3733 2174 249 97 grâce
4413 2183 49 67 à
4681 2201 135 56 ses

3740 2295 495 97 oxygénantes,
4292 2301 353 75 constitue
4688 2305 167 100 éga-

3735 2404 263 83 lement
4023 2408 67 79 le
4121 2412 293 82 remède
4441 2423 411 76 souverain:

3820 2523 51 54 1°
3929 2523 124 58 Des
4112 2525 311 61 maladies
4491 2530 165 58 dites
4728 2546 121 56 par

3742 2598 515 63 ralentissement
4299 2606 78 56 de
4418 2606 61 55 la
4529 2609 310 55 nutrition

3735 2670 565 85 (Rhumatismes,
4317 2676 307 83 Diabète,
4645 2679 199 72 Albu-

3739 2756 312 81 minurie,
4091 2758 266 83 Goutte,
4399 2762 340 82 Gravelle,
4752 2770 89 75 etc.)

3812 2859 64 52 2°
3906 2858 85 55 De
4026 2861 210 55 toutes
4281 2862 90 55 les
4417 2863 309 58 maladies
4763 2865 78 57 de

3737 2934 355 61 l'estomac
4145 2935 457 87 (Dyspepsie,
4655 2937 189 70 Gas-

3733 3014 274 86 tralgie,
4048 3026 171 70 etc.);

3810 3106 62 52 3°
3903 3104 123 56 Des
4063 3106 312 57 maladies
4415 3109 113 56 des
4562 3124 276 53 organes

3734 3185 436 67 respiratoires
4214 3168 628 95 (Tuberculose,

3731 3262 407 70 Bronchites
4197 3264 436 88 chroniques,
4686 3268 147 84 etc.)

3724 3358 125 53 par
3902 3342 416 74 l'oxydation
4373 3354 124 56 des
4555 3359 282 55 toxines

3721 3422 465 59 microbiennes
4236 3432 65 52 et
4354 3445 118 53 par
4529 3431 307 60 l'énorme

3719 3490 275 78 appétit
4089 3503 171 68 qu'il
4365 3506 228 60 donne
4692 3527 141 40 aux

3720 3574 333 74 malades,
4103 3578 347 62 résultats
4497 3588 120 67 qui
4678 3588 155 58 font

3717 3651 382 70 disparaître
4193 3661 403 67 rapidement
4681 3668 153 54 tous

3720 3727 90 57 les
3848 3729 435 69 phénomènes
4326 3737 368 61 alarmants
4749 3758 81 41 en

3719 3806 276 58 rendant
4033 3808 62 56 la
4134 3813 276 67 vigueur
4443 3819 66 54 et
4544 3817 64 56 la
4642 3819 189 73 force,

3718 3884 187 68 grâce
3941 3884 41 56 à
4029 3885 324 73 l'oxygène
4398 3895 156 56 actif
4598 3911 123 54 que
4769 3898 64 56 la

3720 3959 381 59 médication
4188 3969 313 58 vanadiée
4588 3971 243 71 répand

3719 4037 167 56 dans
3938 4042 141 54 tout
4127 4041 429 71 l'organisme.

3846 4116 308 114 L'action
4232 4135 436 99 oxygénante
4760 4140 76 71 et

3723 4236 273 112 tonique
4027 4242 91 80 du
4147 4249 362 84 VANADIOL
4549 4246 286 89 HÉLOUIS

3722 4368 119 69 est
3888 4360 687 85 considérablement
4628 4378 209 99 supé-

3695 4476 267 105 rieure
4021 4490 45 69 à
4123 4481 177 82 celle
4349 4484 93 80 du
4491 4485 157 83 Fer.

3694 4593 7 103 \
3840 4594 137 84 Les
4014 4600 215 82 effets
4274 4630 89 51 en
4394 4616 169 69 sont
4596 4614 245 73 immé-

3749 4714 187 84 diats
4277 4720 181 84 dans
4829 4736 37 71 t

3739 4826 326 123 d'Anémie,
4094 4850 85 80 de
4209 4837 288 104 Chlorose
4538 4866 75 69 et
4662 4857 183 82 dans

3691 5003 9 45 ι
3723 4976 235 72 toutes
4021 4970 115 82 les
4219 4969 625 98 Convalescences.

1500 5069 116 55 De
1672 5072 163 54 tout
1880 5085 82 42 ce
2007 5073 132 69 qui
2188 5076 315 67 précède
2554 5091 95 42 on
2692 5083 189 65 peut
2926 5082 361 55 conclure
3324 5098 143 55 que
3503 5102 27 40 :

179 5132 68 169 Le
271 5147 568 143 VANADIOL
879 5138 460 156 HÉLOUIS
1370 5200 241 81 constitue
1641 5199 48 82 le
1715 5160 368 127 traitement
2123 5163 64 126 le
2231 5165 204 125 motos
2475 5166 164 126 cher
2679 5172 64 121 et
2775 5172 68 122 le
2879 5173 152 145 plus
3071 5171 268 131 efficace
3375 5217 60 81 de
3467 5218 52 85 la
3543 5175 772 154 TUBERCULOSE
4346 5238 33 78 à
4402 5237 111 80 tous
4546 5236 83 83 les
4654 5239 195 97 degrés.

292 5316 155 55 Son
504 5318 338 68 pouvoir
896 5322 89 55 de
1035 5325 258 68 guérir
1348 5323 257 56 réside
1680 5325 196 55 dans
1949 5342 91 40 sa
2130 5334 380 66 propriété
2584 5336 89 53 de
2755 5336 340 56 détruire
3184 5339 118 55 les
3370 5343 397 70 microbes,
3833 5364 157 41 non
4078 5355 434 57 seulement
4589 5358 91 56 de
4765 5363 83 54 la

193 5385 530 66 Tuberculose,
770 5391 200 54 mais
1014 5406 270 41 encore
1331 5394 90 54 de
1467 5396 245 52 toutes
1750 5395 120 53 les
1908 5397 383 56 maladies
2330 5402 135 54 des
2512 5404 213 54 voies
2765 5407 553 65 respiratoires
3373 5414 76 51 et
3491 5414 134 54 des
3676 5417 375 58 maladies
4102 5417 520 69 infectieuses..

289 5454 144 53 Ses
487 5456 437 67 propriétés
988 5461 416 68 oxydantes
1464 5463 545 69 particulières
2061 5483 93 38 en
2212 5470 169 54 font
2429 5470 84 55 la
2573 5474 461 56 médication
3114 5479 516 71 antiseptique
3682 5487 337 67 interne,
4072 5506 159 40 non
4297 5498 402 67 caustique
4762 5497 88 54 ni

189 5522 327 68 toxique,
558 5527 171 52 tant
761 5528 369 55 cherchée
1150 5545 155 53 par
1331 5532 120 53 les
1481 5533 390 55 médecins
1889 5548 23 51 ;
1960 5535 189 55 elles
2181 5543 467 64 permettent
2700 5556 142 40 son
2897 5544 470 67 application
3425 5563 188 44 avec
3675 5559 270 53 succès
4000 5561 299 62 certain
4357 5563 197 60 dans
4602 5566 249 68 toutes

184 5589 119 59 les
345 5592 374 57 maladies
757 5597 133 67 qui
937 5602 358 55 amènent
1341 5615 148 42 une
1537 5602 463 58 diminution
2048 5606 135 56 des
2224 5608 256 56 forces
2527 5609 90 56 de
2661 5610 515 71 l'organisme.

295 5661 118 56 On
460 5665 193 66 peut
703 5665 194 57 donc
951 5668 341 57 affirmer
1342 5685 142 55 que
1524 5685 22 43 :

1134 5759 216 170 LE
1430 5758 1152 177 VANADIOL
2714 5745 992 195 HÉLOUIS

189 5957 133 62 èst,
374 5952 199 59 dans
615 5955 206 58 l'état
885 5961 253 55 actuel
1195 5963 90 54 de
1336 5963 82 54 la
1461 5963 320 63 science,
1826 5962 74 54 le
1953 5964 303 55 remède
2309 5965 418 56 souverain
2770 5966 88 53 de
2894 5965 82 55 la
3018 5967 514 57 Tuberculose
3562 5971 496 69 pulmonaire
4097 5976 47 55 à
4183 5982 175 51 tous
4392 5980 121 54 les
4551 5979 301 72 degrés,

184 6031 63 62 il
280 6036 186 64 peut
507 6036 193 55 donc
734 6037 159 57 être
924 6041 417 65 considéré,
1370 6041 197 55 dans
1596 6041 81 55 la
1706 6041 197 55 lutte
1938 6047 257 49 contre
2234 6057 82 40 ce
2355 6044 307 53 terrible
2693 6045 236 60 fléau,
2968 6059 281 42 comme
3289 6046 75 55 le
3399 6049 378 58 véritable
3811 6040 235 72 REMÈDE
4073 6042 282 73 D'UTILITÉ
4393 6052 306 77 PUBLIQUE.

708 6184 790 79 TRAITEMENT
1560 6186 270 75 D'UN
1896 6186 302 76 MOIS
2240 6210 24 51 s
2328 6205 89 57 Le
2462 6205 252 58 Flacon
2770 6192 106 74 ΙΟ
2902 6191 158 76 Η*5?
3096 6235 56 15 —
3196 6207 266 63 Toutes
3510 6212 274 63 bonnes
3836 6216 468 63 Pharmacies.

227 6350 152 93 Envoi
392 6376 205 62 franco
626 6382 203 60 contre
856 6356 97 93 10fr
992 6382 81 60 60
1092 6383 279 60 adressés
1392 6385 35 56 à
1450 6384 61 59 la
1528 6366 327 77 SOCIÉTÉ
1888 6364 479 94 FRANÇAISE
2380 6383 95 60 des
2488 6370 397 75 COMPOSÉS
2902 6383 77 62 du
2996 6383 491 76 VANADIUM,
3518 6392 113 68 17,
3662 6393 161 60 Rue
3842 6394 107 60 des
3968 6396 391 71 Bateliers,
4378 6403 39 55 à
4434 6398 263 76 Clichy
4714 6396 143 81 (Seine)

1310 6490 456 53 BROCHURE
1805 6507 75 37 ET
1916 6492 760 52 RENSEIGNEMENTS
2730 6494 416 54 GRATUITS
3181 6511 123 40 SUR
3340 6497 404 54 DEMANDE

189 6546 25 81 (C.-B.
285 6585 57 13 —
351 6547 57 82 Les
417 6548 36 81 succès
533 6550 116 81 obtenus
663 6550 35 81 en
715 6568 101 56 France
824 6551 16 81 et
863 6569 17 51 à
889 6552 145 81 l'étranger
1045 6579 51 51 par
1107 6569 27 53 la
1151 6554 158 82 médication
1321 6555 127 82 vanadiée
1467 6570 107 54 Estais
1581 6557 42 81 ayant
1663 6572 66 59 déjà
1755 6558 41 81 donné
1807 6571 79 55 lieu
1901 6581 19 42 à
1963 6560 51 81 des
2027 6560 147 82 imitations
2192 6562 182 82 nombreuses.
2393 6577 143 52 BIEN
2567 6566 224 81 EXIGER
2817 6567 78 81 sur
2921 6567 104 82 tous
3049 6580 69 50 les
3133 6582 207 54 produits
3759 6580 107 54 .-A.
3887 6577 303 81 HÉLOUIS,
4203 6577 51 81 qui
4263 6580 211 58 seuleaaratöl
4491 6584 93 53 contre
4597 6582 71 54 toute
4679 6581 176 82 contrefaçon
