5067 6946
2396 154 88 37 LA
2529 157 204 38 CROIX

4355 186 131 40 Jeudi
4501 192 26 39 5
4561 188 237 41 Novembre
4826 194 108 40 1903

235 287 285 49 DERNIÈRE
560 288 233 50 ÉDITION

147 387 506 133 Chambre

256 540 175 113 des
488 542 407 152 députés

131 743 170 37 SEANCE
321 751 61 29 DU
394 751 220 28 MERCREDI
628 753 22 25 4
659 751 236 28 NOVEMBRE

158 856 116 37 Séance
285 858 19 26 à
317 858 18 25 2
344 858 106 26 heures
460 866 7 16 :
478 857 170 32 présidence
652 858 37 26 de
697 859 38 25 M.
741 860 145 28 Etienne,

138 882 228 37 vice-président.

165 916 44 29 On
221 915 105 39 adopte
338 926 73 19 sans
424 918 88 26 débat
522 927 9 16 :

164 946 48 27 Un
239 949 94 33 projet
356 949 164 25 autorisant
547 949 28 27 ta
599 950 145 26 Chambre
765 950 37 27 de
820 955 76 21 com-

128 975 103 39 merce
256 978 36 27 de
321 978 95 27 Calais
441 977 20 28 A
485 981 170 33 emprunter
675 980 99 26 500000
797 980 98 26 francs

130 1003 76 36 pour
220 1009 123 27 travaux
356 1004 231 37 dd'amélioration
600 1010 39 26 du
654 1011 64 31 port
726 1017 8 23 ;

167 1040 65 24 Une
245 1039 177 32 proposition
435 1039 37 26 de
483 1040 38 25 M..
535 1039 40 27 Le
588 1040 130 28 Hérissé,
733 1041 164 25 autorisant

136 1067 32 27 le
184 1068 134 27 ministre
330 1069 53 26 des
396 1069 135 26 Colonies
547 1070 17 24 à
578 1071 139 25 décerner
733 1072 164 30 exception-

137 1093 164 35 nellement
314 1105 57 19 une
385 1099 78 24 croix
479 1100 138 24 d'officier
626 1102 29 24 et
668 1102 103 28 quatre
784 1101 37 24 de
832 1101 64 25 che-

133 1126 92 28 valier
243 1122 36 33 de
299 1129 28 26 la
349 1128 109 35 Légion
477 1128 159 28 d'honneur
650 1136 38 18 au
706 1129 68 26 titre
787 1130 65 26 civil
866 1132 31 25 et

122 1157 113 27 autant
247 1164 38 20 on
298 1159 64 25 titre
377 1159 141 27 militaire,
536 1165 70 25 pour
624 1160 204 31 récompenser
851 1160 43 27 les

133 1182 211 34 dévouements
360 1189 50 32 qui
428 1195 34 21 se
484 1191 67 24 sont
566 1190 173 27 manifestés
754 1196 37 19 au
806 1196 86 20 cours

133 1213 37 38 dede
189 1214 29 29 ta
238 1214 133 38 dernière
390 1219 143 32 épidémie
551 1219 36 27 de
607 1220 87 26 fièvre
708 1221 93 30 jaune
815 1221 49 32 qui
876 1227 20 21 a

135 1243 63 33 sévi
213 1244 19 31 à
243 1248 28 28 la
285 1249 69 27 Côte
363 1249 122 27 d'Ivoire
499 1251 30 25 et
541 1255 37 22 au
591 1250 126 27 Soudan.

165 1278 71 27 Cela
255 1279 65 33 fait,
331 1286 39 20 on
390 1281 126 31 reprend
534 1281 29 24 la
585 1282 76 25 suite
679 1281 37 26 de
734 1282 30 24 la
784 1281 111 27 discus-

137 1309 68 27 sion
218 1308 39 28 du

271 1341 155 50 Budget
453 1343 53 39 de
536 1342 232 50 l'intérieur

167 1394 20 24 A
202 1394 28 22 la
252 1395 132 23 dernière
408 1395 105 28 séance
534 1398 38 21 on
593 1396 19 22 il
634 1396 44 23 fut
698 1396 135 28 question
854 1396 40 25 du

132 1420 121 33 budget,
263 1428 39 20 on
308 1423 79 25 avait
399 1423 93 25 sursis
504 1423 18 23 à
529 1423 144 26 l'examen
683 1423 19 25 d
712 1430 57 19 une
779 1423 112 26 motion

139 1446 40 31 du
192 1453 114 31 citoyen
331 1452 149 31 Dejeante,
497 1452 125 28 invitant
649 1453 28 25 le
701 1453 133 27 ministre
857 1453 37 28 de

131 1480 165 33 l'intérieur
314 1482 17 25 à
355 1483 112 24 laïciser
486 1484 66 24 tous
576 1484 42 24 les
635 1483 127 26 services
783 1484 104 31 dépen-

131 1508 73 30 dant
217 1511 37 27 de
267 1518 54 20 son
336 1511 244 28 administration.

162 1540 38 28 M.
215 1543 147 28 Combes,
374 1543 149 30 président
536 1543 39 27 du
589 1544 124 27 Conseil.
728 1556 30 8 —
769 1544 25 26 Il
808 1545 85 30 s'agit

129 1571 221 33 spécialement,
365 1572 74 26 dans
448 1573 29 25 la
491 1572 120 30 motion,
623 1574 53 25 des
690 1574 133 26 maisons
837 1580 48 19 na-

127 1596 132 32 tionales
271 1603 53 26 des
338 1603 106 28 jeunes
458 1605 205 29 aveugles;or,
679 1608 49 21 ces
742 1604 149 28 établisse-

137 1626 95 33 ments
246 1633 68 25 sont
345 1627 50 30 déjà
408 1632 125 26 laïcisés.

163 1663 36 24 M.
217 1663 113 26 Julien
352 1662 137 32 Goujon.
514 1675 31 6 —
567 1664 120 25 Comme
707 1664 28 26 le
758 1664 133 26 ministre

134 1690 167 28 lui-même!
313 1693 114 29 (Rires.)

163 1722 38 24 H.
217 1722 166 30 Dejeante.
402 1735 31 7 —
452 1722 24 26 Il
491 1723 85 29 s'agit
589 1723 37 26 de
646 1732 14 15 «
674 1725 66 25 tous
752 1731 13 16 »
779 1724 44 26 les
833 1730 58 20 ser-

126 1751 84 26 Tices
235 1752 166 32 dépendant
421 1752 39 25 du
486 1753 152 27 ministero
664 1753 37 27 de
721 1753 170 27 l'Intérieur.

134 1783 186 26 notamment
330 1782 40 26 du
384 1784 110 25 service
507 1783 53 25 des
569 1784 124 31 prisons.

163 1810 43 29 Là
217 1814 39 25 où
267 1813 20 25 il
300 1819 18 26 y
336 1818 18 21 a
371 1812 53 27 des
443 1813 177 29 aumôniers,
636 1814 52 26 des
706 1814 112 29 Frères,
833 1815 53 26 des

131 1842 101 28 Soeurs
244 1849 38 19 ou
301 1843 53 27 des
371 1844 124 26 moines,
508 1849 59 20 non
585 1845 165 26 seulement
770 1846 18 23 il
804 1846 47 31 n'y
869 1851 18 19 a

131 1877 55 25 pas
210 1872 178 27 d'économie
412 1879 114 20 comme
553 1873 28 27 le
608 1875 171 30 prétendent
808 1874 80 27 leurs

128 1902 161 33 partisans,
316 1903 76 26 mais
418 1903 53 26 des
499 1905 140 25 surcroîts
667 1906 153 24 constants
849 1905 37 25 de

132 1932 145 31 dépenses
291 1939 53 26 par
362 1935 118 30 rapport
497 1934 19 25 à
538 1934 89 26 celles
646 1941 56 25 que
721 1936 169 30 représente

130 1966 42 23 un
195 1963 155 30 personnel
371 1964 153 31 purement
546 1963 105 33 laïque.
674 1965 89 31 (Appl.
780 1965 19 26 à
817 1965 69 26 l'ex-

130 1987 236 38 trâme-gauche.)

161 2022 55 27 Ces
236 2023 173 35 personnels
431 2023 143 33 religieux
599 2025 80 26 n'ont
700 2024 63 27 rien
782 2025 18 25 à
825 2024 61 26 voir

129 2058 73 25 avec
216 2053 27 26 le
258 2053 169 28 Concordat,
443 2059 58 20 non
523 2055 66 30 plus
608 2056 119 31 qu'avec
739 2054 30 26 la
789 2054 102 27 liberté

126 2079 43 30 de
179 2084 180 26 conscience.

162 2114 39 25 M.
214 2114 152 28 Combes,
379 2115 152 37 président
543 2115 40 27 du
593 2116 127 26 Conseil.
730 2128 32 8 —
773 2117 36 25 Je
827 2116 63 26 suis

129 2143 134 28 d'accord
279 2150 69 21 avec
361 2147 37 25 M.
416 2146 140 30 Dejeante
575 2152 51 20 sur
639 2152 34 20 ce
688 2146 87 36 point,
792 2152 56 26 que
862 2146 28 25 la

130 2174 135 32 question
292 2173 37 27 de
352 2175 164 25 laïcisation
541 2175 52 26 des
621 2182 126 19 services
777 2176 112 30 publics

130 2204 77 24 n'est
222 2205 79 32 point
316 2205 191 31 uniquement
517 2211 57 20 une
589 2206 100 25 affaire
698 2205 190 29 d'économie,

128 2234 80 25 mais
221 2237 117 23 surtout
351 2241 59 20 une
423 2236 101 24 affami
538 2235 133 28 d'intérêt
681 2236 146 37 politique.

161 2262 35 27 Je
209 2266 71 27 suis,
303 2271 70 22 pour
391 2272 50 18 ma
465 2267 72 29 part,
559 2266 186 25 absolument
760 2265 100 26 decidé
872 2267 19 24 à

129 2294 172 33 poursuivre
315 2295 27 24 le
362 2295 65 30 plus
450 2294 181 30 rapidement
651 2297 30 24 et
694 2296 27 24 le
736 2296 64 30 plus
814 2301 77 20 com-

127 2322 161 33 plètement
302 2324 127 32 possible
440 2325 30 24 la
483 2324 162 26 laïcisation
659 2325 152 26 réclamée.

160 2354 35 25 Je
218 2353 71 27 ferai
314 2360 168 25 remarquer
501 2354 156 31 d'ailleurs,
672 2361 56 25 que
740 2356 25 24 si
780 2355 109 25 celle-ci

130 2380 48 30 n'a
188 2389 53 26 pas
255 2383 109 27 avancé
377 2384 174 33 davantage,
567 2386 28 24 la
616 2386 78 25 faute
709 2391 37 19 en
769 2387 46 23 est
829 2386 18 24 à
861 2386 29 25 la

129 2413 144 27 Chambre
286 2415 164 25 elle-même
458 2421 38 19 ou
507 2416 90 30 plutôt
610 2416 19 24 à
641 2422 36 19 sa
690 2416 197 25 Commission

127 2441 43 30 du
180 2443 118 34 budget.

161 2474 43 26 En
224 2473 154 28 décembre
399 2476 66 27 1899,
485 2482 38 18 en
542 2476 76 28 effet,
637 2477 29 24 la
685 2476 145 26 Chambre
852 2483 37 20 ne

127 2505 121 26 voulant
261 2511 52 26 pas
327 2512 57 25 que
395 2506 49 26 388
457 2506 118 26 enfants
589 2507 52 25 des
658 2506 130 26 maisons
804 2507 78 31 péni-

131 2534 150 28 tentiaires
293 2541 52 20 sur
354 2535 48 26 588
422 2536 115 25 fussent
548 2536 109 26 confiés
672 2537 18 24 à
701 2536 52 26 des
768 2537 121 26 maîtres

128 2559 31 34 ¿t
180 2566 173 25 maîtresses
378 2566 249 30 congréganistes,
650 2567 77 25 avait
746 2566 89 25 invité
861 2566 28 26 le

128 2597 234 27 gouvernement
382 2596 18 27 à
412 2596 136 31 préparer
559 2602 40 20 un
613 2597 94 31 projet
722 2596 37 26 de
777 2597 111 25 laïcisa-

127 2624 64 28 tion
204 2625 38 27 de
255 2632 51 21 ces
320 2626 137 27 services.

161 2657 40 26 Le
226 2658 94 31 projet
344 2658 46 25 fut
415 2657 147 32 présenté;
587 2658 21 26 il
635 2659 173 31 comportait
831 2664 58 21 une

128 2686 147 26 demande
296 2687 37 26 de
352 2687 91 25 crédit
465 2687 36 25 de
523 2687 98 26 130000
638 2689 116 26 francs;
767 2689 77 24 mais
860 2688 29 25 la

128 2715 201 28 Commission
363 2717 40 26 du
434 2716 109 38 budget
573 2717 102 27 refusa
706 2717 124 32 l'argent
859 2719 31 25 et

128 2746 122 28 l'affaire
263 2753 40 20 en
317 2748 45 25 est
375 2747 97 26 restée
486 2748 38 24 la.

158 2776 36 27 Je
213 2777 108 31 prends
333 2777 223 32 l'engagement
573 2778 151 26 d'inscrire
744 2784 33 19 ce
798 2778 91 26 crédit

128 2810 40 24 au
182 2806 110 32 budget
305 2806 36 25 de
355 2806 58 26 l'an
428 2807 148 31 prochain.
591 2808 92 31 (Appl,
696 2808 19 24 à
730 2808 159 25 l'extrême-

129 2836 132 31 gauche.)

159 2866 37 25 M.
210 2867 170 31 Dejeante.
400 2880 30 6 —
444 2868 43 24 En
505 2868 138 32 présence
656 2868 36 25 de
704 2873 50 21 ces
767 2868 121 31 explica-

128 2895 87 30 tions,
227 2897 31 30 je
271 2898 87 25 retire
372 2903 49 19 ma
436 2898 120 25 motion.

311 2930 78 39 Les
406 2930 126 39 fonds
551 2933 163 37 secrets

164 2978 44 27 On
235 2980 79 25 avait
334 2980 82 25 aussi
445 2980 123 27 réservé,
591 2981 18 24 à
635 2987 58 19 une
716 2980 172 31 précédente

126 3007 117 29 séance?,
258 3008 29 27 le
297 3010 129 27 chapitre
438 3010 51 24 des
504 3010 83 26 fonds
600 3011 120 25 secrets.

158 3037 39 33 M.
207 3037 154 28 Thivrier
372 3045 38 21 en
420 3040 147 26 demande
578 3041 28 25 la
616 3041 199 31 suppression.

159 3069 26 25 Il
197 3068 134 38 invoque,
344 3073 99 23 contre
457 3071 172 26 l'allocation
641 3072 53 25 des
709 3071 14 26 1
733 3071 48 26 200
787 3071 48 25 000
848 3071 35 25 fr.

129 3104 38 21 en
186 3097 144 34 question,
353 3101 43 26 les
415 3102 172 30 arguments
604 3101 37 26 de
659 3101 132 25 moralité
807 3102 79 24 invo-

128 3129 74 30 qués
214 3130 114 31 chaque
341 3131 104 25 année.

161 3159 53 26 Las
227 3158 86 28 fonds
325 3162 108 24 secrets
448 3161 67 25 sont
527 3160 157 37 employés,
703 3166 57 20 non
774 3166 37 20 au
827 3166 57 20 ser-

125 3189 64 28 vios
201 3183 36 33 de
251 3190 102 27 l'ordre
365 3190 103 33 public,
486 3190 74 26 mais
576 3192 19 25 à
608 3186 198 41 l'espionnage
829 3190 55 27 des

126 3219 136 28 hommes
277 3221 162 35 politiques,
455 3221 18 25 à
490 3221 217 31 l'organisation
726 3221 37 26 de
775 3222 32 24 la
826 3227 59 20 cor-

128 3250 115 31 ruption
256 3251 76 25 dans
350 3251 43 26 les
413 3252 193 25 associations
627 3253 157 24 ouvrières,
810 3252 75 25 dans

126 3279 31 25 la
171 3284 108 27 presse,
297 3281 18 25 à
334 3281 30 25 la
385 3281 183 31 préparation
590 3281 37 26 de
647 3281 238 27 manifestations

127 3311 220 30 provocatrices.

159 3348 28 25 Si
209 3349 26 26 le
252 3349 150 27 ministère
420 3350 38 26 de
477 3350 161 27 l'Intérieur
656 3357 18 19 a
687 3351 103 25 besoin
804 3351 74 25 d'ar-

128 3380 70 30 gent
223 3384 72 27 pour
314 3380 228 26 subventionner
568 3381 53 25 des
650 3387 115 19 oeuvres
786 3381 97 28 utiles,

129 3408 67 31 qu'il
211 3409 27 26 te
251 3409 72 29 dise,
343 3411 50 25 nui
409 3416 38 20 ne
467 3410 27 25 le
509 3410 39 25 lui
562 3411 146 28 refusera;
732 3411 76 26 mais
822 3410 62 27 l'es-

131 3440 53 29 prit
198 3439 95 35 public
312 3442 120 26 restera,
443 3440 155 32 jusque-là,
618 3442 147 31 sceptique
783 3447 52 20 sur
855 3442 28 25 la

130 3469 110 31 qualité
253 3469 52 27 des
322 3470 199 26 bénéficiaires
534 3469 53 28 des
602 3471 87 25 fonds
703 3473 120 24 secrets.

157 3499 38 25 Ce
208 3500 90 26 serait
312 3500 73 26 donc
398 3501 148 25 l'honneur
560 3501 39 26 du
614 3502 151 25 ministère
782 3501 97 27 même

139 3528 25 62 de
187 3529 152 27 s'associer
358 3531 19 25 à
392 3531 29 25 la
434 3532 178 31 proposition
629 3534 37 24 de
681 3530 200 34 suppression.

139 3559 78 31 Appl.
230 3567 52 20 sur
295 3558 96 29 divers
405 3562 112 29 bancs.)

157 3590 35 25 M.
201 3590 159 27 Ferretto.
366 3605 30 5 —
407 3592 187 30 L'argument
606 3593 28 26 le
648 3593 65 30 plus
724 3592 162 31 important

126 3622 39 53 en
178 3619 102 56 faveur
293 3621 36 26 de
345 3621 28 25 la
388 3621 188 32 suppression
593 3624 45 24 est
650 3624 73 24 celui
739 3622 50 32 qui
814 3621 71 56 POrte

145 3655 35 19 ur
203 3649 173 27 l'allocation
402 3645 36 31 de
464 3651 87 25 fonds
578 3654 109 24 secrets
712 3653 19 25 à
755 3652 128 26 certains

123 3679 158 31 journaux.

157 3709 74 27 Sans
254 3711 86 26 fonds
367 3714 120 28 secrets,
501 3719 37 19 en
562 3713 77 28 effet,
654 3719 39 22 on
716 3719 38 20 ne
775 3714 106 25 verrait

126 3740 90 31 point,
224 3746 114 21 comme
351 3748 50 20 ces
405 3742 120 31 jours-ci
538 3742 76 26 dans
626 3749 39 20 un
680 3738 204 37 département

126 3776 37 20 ae
175 3769 118 29 l'Ouest,
303 3779 40 21 un
355 3773 174 31 journaliste
543 3773 168 31 poursuivre
726 3780 38 19 un
779 3773 104 27 ancien

126 3800 134 27 ministre
274 3797 36 32 de
324 3802 38 26 M.
371 3802 300 28 Waldeck-Rousseau
686 3810 37 20 en
736 3803 38 26 lui
789 3810 94 25 repro-

126 3830 88 27 chant
228 3832 36 26 de
284 3838 37 20 ne
334 3839 54 25 pas
410 3832 39 26 lui
475 3833 79 25 avoir
575 3834 94 26 alloué
688 3839 58 20 une
765 3840 117 19 somme

125 3866 86 21 assez
226 3861 73 28 forte
312 3868 52 20 sur
376 3863 43 25 les
434 3863 86 26 fonds
534 3866 118 24 secrets.

156 3892 74 25 Sans
256 3893 98 27 doute,
379 3893 38 26 M.
451 3893 125 27 Combes
603 3900 35 19 va
671 3894 141 32 invoquer
838 3894 44 25 les

125 3921 115 28 mêmes
271 3926 172 27 arguments
476 3929 58 25 que
573 3930 50 20 ses
654 3924 225 31 prédécesseurs

125 3950 70 27 MM.
210 3951 105 28 Meline
327 3954 32 25 et
371 3955 109 24 autres.

155 3981 37 25 M.
207 3981 156 27 Rouanet.
378 3995 30 6 —
423 3983 67 25 Cela
503 3983 117 27 existait
630 3985 82 25 aussi
724 3990 70 20 sons
809 3984 71 25 Bou-

125 4012 116 31 langer!
258 4012 92 34 (Appl,
365 4013 19 25 à
394 4013 293 33 l'extrême-gauche.)

158 4043 38 24 M.
216 4042 162 27 Ferrette.
393 4056 31 7 —
437 4044 34 26 Je
497 4044 102 26 n'étais
617 4051 53 26 pas
689 4045 191 37 boulangiste,

124 4072 78 25 alors
230 4080 57 23 que
314 4074 148 30 beaucoup
486 4074 36 25 de
548 4080 52 20 vos
628 4075 75 25 amis
729 4072 129 28 l'étaient
872 4075 8 23 !

137 4091 101 44 (Rires).

156 4131 24 28 Il
204 4133 65 27 n'en
301 4136 46 25 est
371 4140 51 26 pas
443 4135 97 26 moins
565 4137 61 25 vrai
648 4142 57 26 que
725 4142 82 22 vous,
833 4136 49 31 qui

129 4162 147 32 vitupérez
295 4165 25 24 si
334 4165 56 25 fort
403 4166 29 24 la
446 4165 88 31 police
548 4167 30 25 et
591 4172 122 20 accusez
727 4166 37 25 M.
774 4166 107 31 Lépine

124 4191 89 27 d'être
236 4194 26 25 le
276 4200 185 20 massacreur
482 4195 53 25 des
552 4196 137 27 ouvriers,
715 4201 71 20 vous
808 4195 74 25 allez

126 4224 82 29 voter
227 4224 53 26 des
305 4224 87 26 fonds
416 4224 49 32 qui
488 4225 76 26 vont,
589 4231 37 20 en
648 4224 112 34 grande
779 4225 101 31 partie,

125 4248 74 31 aller
211 4259 39 21 au
266 4254 93 33 préfet
371 4255 37 26 de
421 4254 90 33 police
519 4261 71 26 pour
602 4256 151 31 organiser
766 4255 36 26 de
814 4262 67 19 nou-

124 4286 95 24 veaux
233 4291 166 20 massacres
409 4287 29 24 et
452 4285 202 26 l'abominable
670 4286 89 31 police
769 4286 112 26 secrète

124 4313 50 31 qui
189 4313 107 26 révolte
308 4316 66 24 tous
385 4315 43 25 les
443 4315 141 26 honnêtes
599 4322 74 24 gens
680 4318 7 22 !
702 4316 103 30 (Appl.)

152 4342 39 26 M.
205 4343 147 27 Combes.
367 4358 30 6 —
413 4345 39 25 Le
466 4345 91 31 préfet
568 4346 36 25 de
620 4346 89 31 police
731 4351 36 20 ne
792 4346 90 31 reçoit

124 4377 55 28 pas
191 4379 41 20 un
245 4381 57 19 sou
315 4375 53 25 des
381 4375 86 25 fonds
487 4378 119 23 secrets.
623 4376 229 28 (Exclamations
861 4377 19 30 I)

156 4401 77 29 Vous
258 4405 129 26 semblez
413 4406 117 30 ignorer
550 4412 56 26 que
633 4412 48 19 ces
702 4405 87 26 fonds
812 4407 68 24 sont

123 4433 92 27 remis
233 4434 20 27 A
266 4441 40 20 un
318 4435 111 27 service
445 4436 81 26 aussi
540 4436 136 36 organisé
692 4437 29 25 et
734 4437 69 24 sont
818 4442 63 20 sou-

123 4464 62 25 mis
205 4464 20 27 à
250 4471 41 21 un
307 4466 129 25 contrôle
451 4467 80 24 aussi
553 4467 101 26 sevère
677 4472 56 26 que
750 4468 68 23 tous
837 4467 43 25 les

122 4495 100 24 autres
238 4495 106 25 credits
359 4496 82 25 votés
456 4499 51 27 par
520 4496 42 25 les
577 4496 168 25 Chambres.

155 4520 41 29 Le
208 4526 65 24 vote
286 4531 52 20 sur
355 4531 32 19 ce
401 4525 128 31 chapitre
547 4526 144 25 constitue
702 4525 83 27 donc,
800 4526 37 25 de
851 4526 30 24 la

123 4555 66 30 part
213 4553 40 26 du
278 4555 164 25 Parlement
461 4555 49 31 qui
528 4555 97 27 alloue
646 4556 42 25 les
711 4555 114 29 crédits,
853 4557 30 25 et

123 4584 83 26 étant
219 4583 96 27 donné
333 4591 56 28 que
403 4586 27 24 le
450 4585 133 27 ministre
602 4586 37 25 de
658 4586 161 26 l'Intérieur
832 4588 47 24 est

122 4611 191 28 directement
336 4616 190 30 responsable
549 4615 36 27 de
612 4616 62 25 leur
698 4616 115 32 emploi,
840 4622 41 20 un

122 4644 68 25 vote
204 4643 37 27 de
257 4644 159 27 confiance.
432 4645 90 32 (Appl.
539 4646 217 26 enthousiastes
780 4647 18 25 à
810 4646 71 26 l'ex-

123 4671 225 33 trême-gauche,
359 4676 39 27 M.
412 4676 104 26 Jaurès
530 4677 117 29 exulte.)

155 4704 240 28 L'amendement
419 4706 121 26 tendant
555 4707 18 25 à
588 4706 29 25 la
632 4707 190 31 suppression
840 4706 40 27 du

123 4733 130 31 Chapitre
267 4736 45 24 est
324 4735 139 31 repoussé
477 4742 52 24 par
542 4736 62 25 314
618 4736 66 25 voix
697 4738 100 24 contre
808 4736 71 25 225.

154 4764 36 24 M.
212 4764 100 32 Arnal
330 4765 154 27 demande,
504 4772 51 18 sur
573 4767 27 24 le
622 4766 98 26 même
740 4767 139 30 chapitre,

122 4798 61 23 une
193 4794 150 27 réduction
357 4795 37 27 de
409 4795 30 26 10
449 4795 48 26 000
510 4795 107 27 francs.

154 4824 41 26 La
209 4826 140 30 majorité,
363 4825 80 31 dit-il,
467 4827 76 24 vient
561 4827 174 30 d'exprimer
752 4833 37 20 au
811 4832 67 25 gou-

119 4858 175 22 vernement
308 4862 34 18 sa
356 4856 158 26 confiance,
528 4861 38 21 en
577 4857 171 36 s'imposant
765 4857 27 25 le
808 4856 69 27 dou-

121 4884 122 30 loureux
258 4886 130 26 sacrifice
401 4886 37 25 de
450 4886 121 31 piétiner
584 4892 41 21 un
638 4880 53 32 des
709 4887 116 25 articles
840 4887 37 25 de

121 4918 58 23 son
193 4920 194 28 programme.
402 4916 112 30 (Rires.)

154 4944 75 28 Pour
243 4951 83 25 nous,
342 4951 69 22 avec
426 4946 27 27 le
470 4948 169 36 rapporteur
660 4947 39 27 du
719 4946 107 33 budget
844 4947 37 27 de

120 4975 167 30 l'intérieur,
302 4976 38 26 M.
356 4977 168 27 Clémente!,
535 4984 70 19 avec
618 4978 28 25 le
660 4980 168 29 rapporteur
842 4978 39 24 du

122 5005 98 30 Sénat,
234 5005 38 28 M.
291 5006 128 29 Lacroix,
426 5008 29 25 et
466 5013 69 20 avec
549 5007 28 26 la
590 5008 75 25 Cour
676 5008 52 25 des
740 5009 139 30 comptes,

123 5036 49 31 qui
190 5042 32 19 se
238 5036 147 32 plaignent
400 5038 38 24 du
451 5038 80 24 refus
545 5037 38 26 du
598 5038 150 25 ministère
762 5038 37 25 de
810 5038 71 25 don-

120 5070 56 22 ner
196 5066 41 27 des
266 5067 189 32 explications
471 5069 29 25 et
511 5067 209 32 justifications
737 5074 52 19 sur
804 5067 77 27 l'em-

120 5096 61 30 ploi
199 5097 43 26 des
275 5104 128 20 sommes
418 5098 135 26 inscrites
567 5105 38 20 au
617 5098 128 33 chapitre
757 5098 26 28 5,
804 5104 76 21 nous

121 5126 108 26 deman.
322 5134 57 25 que
392 5129 28 24 le
432 5127 109 32 budget
553 5128 36 26 de
600 5128 156 26 l'intérieur
771 5134 38 20 ne
823 5128 57 26 soit

120 5161 55 25 pas
198 5156 117 31 transformé
335 5156 40 31 mé
404 5163 38 20 en
464 5163 56 20 une
548 5157 146 26 immense
722 5158 94 25 caisse
844 5157 36 26 de

121 5186 88 28 ronds
311 5189 34 25 's.

150 5216 37 25 M.
207 5218 189 32 Clémentel,
417 5220 177 30 rapporteur.
618 5231 31 8 —
667 5219 40 26 Le
730 5219 151 25 ministère

120 5248 47 26 est
178 5252 110 22 revenu
302 5254 72 25 pour
388 5248 58 26 moi
464 5254 52 20 sur
533 5254 56 21 son
605 5249 90 28 refus,
707 5249 32 30 je
760 5249 114 31 pourrai

119 5276 116 28 Obtenir
256 5278 43 25 les
323 5279 256 30 renseignements
596 5278 172 27 demandés.
788 5278 91 33 (Appl,

119 5306 32 28 «t
162 5305 74 28 rires
250 5307 167 33 ironiques.)

149 5337 67 27 Sur
230 5337 37 27 de
280 5339 177 27 nombreux
469 5339 100 26 bancs.
585 5352 31 7 —
629 5340 35 26 Et
683 5341 45 25 les
741 5340 139 26 observa-

118 5367 80 28 tions
217 5374 36 20 de
275 5367 30 27 la
318 5368 75 27 Cour
410 5369 52 25 des
476 5371 145 30 comptes!
636 5370 79 31 (Très
726 5370 81 26 bien!
828 5375 53 21 sur

116 5392 100 32 divers
231 5396 113 33 bancs.)

148 5425 41 29 91.
207 5428 140 26 Combes
367 5431 127 31 proteste
513 5435 58 26 que
591 5431 28 25 le
638 5430 68 31 jour
730 5431 76 26 n'est
826 5435 54 27 pas

118 5457 67 32 plus
200 5464 54 25 pur
267 5464 58 29 que
341 5459 26 26 le
378 5460 70 25 fond
462 5459 36 26 de
512 5465 56 20 son
582 5466 89 20 coeur.

149 5487 35 25 M.
202 5489 108 26 Arnal.
325 5501 29 9 —
374 5490 79 25 Vous
473 5495 37 21 ne
529 5490 144 32 répondez
694 5491 63 26 rien
777 5491 18 25 à
816 5496 63 22 mes

118 5520 152 30 questions
286 5529 8 17 :
305 5520 32 33 je
350 5520 158 27 maintiens
523 5526 71 21 mon
607 5521 218 26 amendement.

148 5553 245 28 L'amendement
415 5557 46 23 est
488 5556 140 29 repoussé
653 5562 52 25 par
730 5556 61 24 317
813 5556 68 25 voix

118 5584 102 25 contre
231 5585 72 24 202.

150 5611 40 31 Le
213 5616 130 31 chapitre
369 5614 54 27 des
450 5615 87 26 fonds
558 5617 110 25 secrets
696 5616 46 26 est
766 5616 69 26 voté
858 5616 20 26 à

118 5643 100 29 mains
247 5641 105 29 levées.

148 5675 38 26 M.
206 5676 132 30 Berger.
361 5688 32 7 —
417 5676 39 26 Le
479 5676 148 30 président
640 5677 39 25 du
697 5676 116 26 Conseil
837 5676 43 26 dit

119 5705 67 28 qu'il
204 5708 47 25 est
268 5705 191 31 responsable
478 5705 108 25 devant
598 5712 36 19 sa
653 5707 172 25 conscience
840 5706 38 26 de

117 5733 125 33 l'emploi
262 5735 52 26 des
333 5735 86 25 fonds
439 5737 111 24 secrets
569 5741 73 27 pour
657 5736 29 26 le
698 5736 69 25 bien
781 5735 97 32 public

116 5765 32 27 et
161 5765 30 26 la
203 5765 100 27 sûreté
313 5765 146 36 générale.

148 5795 35 26 Je
206 5795 137 27 voudrais
365 5795 67 33 qu'il
458 5796 136 25 n'oubliât
618 5802 52 26 pas
693 5797 29 24 la
746 5796 133 33 propreté

118 5822 145 36 générale.
281 5826 90 33 (Appl.
386 5832 49 19 sur
452 5825 36 26 de
503 5827 161 25 nombreux
680 5827 110 29 bancs.)

150 5855 42 27 La
205 5856 91 31 police
317 5862 33 20 se
364 5857 91 24 laisse
474 5857 66 30 trop
552 5856 137 26 distraire
707 5857 37 25 de
763 5862 56 20 son
832 5856 49 27 de-

116 5886 63 26 voir
191 5892 52 26 par
253 5887 44 25 les
310 5886 121 26 intérêts
447 5886 153 32 politiques
615 5887 133 25 officiels.

147 5920 63 27 Elle
232 5921 86 26 ferait
336 5921 69 25 bien
427 5920 36 25 de
481 5926 34 20 se
534 5920 174 37 préoccuper
721 5923 40 23 du
780 5921 98 26 déver-

115 5950 137 33 gondage
270 5952 29 24 et
327 5950 37 27 de
384 5950 29 26 la
430 5949 164 31 corruption
611 5951 49 32 qui
688 5951 191 26 envahissent

115 5986 57 20 nos
198 5981 129 31 grandes
359 5981 91 27 villes,
485 5980 211 32 spécialement
728 5982 92 28 Paris,
849 5983 30 24 et

116 6010 125 27 rendent
265 6013 61 29 trop
345 6010 38 26 de
405 6010 147 32 quartiers
577 6010 208 26 inabordables
819 6017 59 19 aux

114 6038 147 29 honnêtes
274 6046 84 26 gens.

147 6070 26 27 Il
193 6070 159 31 s'organise
373 6072 101 25 contre
487 6070 30 26 la
539 6072 110 26 morale
670 6071 136 32 publique
825 6071 53 26 des

115 6105 181 28 campagnes
327 6101 136 29 infâmes,
501 6100 31 27 la
563 6102 211 32 pornographie
807 6107 72 20 sons

116 6132 97 25 toutes
235 6137 49 21 ses
306 6131 109 26 formes
438 6131 128 27 déborde
583 6133 30 25 et
630 6138 123 20 menace
766 6132 37 24 de
814 6133 64 25 tont

115 6157 183 36 submerger,
314 6161 43 26 les
371 6168 75 24 yeux
460 6161 37 26 de
509 6162 142 26 l'enfance
666 6164 65 24 sont
745 6162 129 26 souillés.

153 6191 149 28 L'orateur
328 6192 55 27 cite
418 6192 142 32 quelques
591 6193 151 31 exemples
767 6192 37 26 de
827 6198 50 21 oes

115 6220 136 33 ignobles
267 6222 201 32 publications.

146 6252 65 25 Sur
222 6250 38 28 de
274 6252 177 26 nombreux
460 6252 102 27 bancs.
574 6265 31 8 —
613 6253 76 27 C'est
701 6253 174 32 dégoûtant!

144 6282 40 26 M.
204 6282 190 26 Chauvière.
419 6283 223 31 ironiquemeni.
664 6296 31 7 —
709 6283 82 26 Hou!
801 6289 76 20 com-

115 6311 70 28 bien
199 6319 154 19 avez-vous
367 6312 160 26 d'enfants!

145 6343 40 26 M.
198 6342 131 31 Berger.
345 6355 30 7 —
387 6343 63 25 J'en
465 6343 26 24 ai
509 6348 47 20 un.

149 6376 42 23 M.
225 6373 188 25 Chauvière!
438 6384 32 8 —
504 6373 78 26 Vous
613 6374 62 27 êtes
708 6380 41 21 un
781 6374 70 33 lapin
863 6374 14 33 !

161 6435 20 29 M.
198 6435 132 29 Berger.
339 6447 31 7 —
383 6437 34 21 Je
431 6436 147 24 demande
592 6442 37 18 au
644 6439 234 27 gouvernement

115 6463 163 27 d'entraver
297 6470 49 20 ces
366 6464 128 26 infames
517 6470 180 21 commerces
714 6467 38 27 et,
767 6465 44 26 s'il
833 6466 47 26 est

115 6493 101 28 besoin
243 6501 72 25 pour
339 6494 63 27 cela
424 6494 165 27 d'accroître
617 6495 27 27 le
675 6496 122 26 nombre
825 6495 52 28 des

114 6526 115 30 agents,
252 6525 69 31 qu'il
346 6525 28 26 le
400 6525 90 25 fasse.
504 6526 91 31 (Appl,
618 6532 39 20 au
685 6528 99 24 centre
806 6528 29 24 et
860 6527 17 26 i

144 6583 40 24 M.
193 6584 146 25 Combes.
347 6597 31 7 —
391 6584 80 26 Nous
484 6590 38 20 ne
534 6591 131 25 pouvons
673 6586 115 26 obtenir
801 6588 76 24 cette

113 6614 221 30 augmentation
357 6620 56 27 que
437 6620 52 26 par
513 6620 58 21 une
595 6618 118 24 entente
735 6622 70 20 avec
831 6617 46 26 le·

112 6643 215 33 municipalités
340 6644 53 27 des
407 6646 128 32 grandes
551 6646 91 26 villes.

145 6673 55 27 Les
226 6675 132 26 derniers
389 6677 147 29 chapitres
562 6677 36 26 de
622 6678 158 26 l'intérieur
808 6679 68 24 sont

114 6704 132 34 adoptés,
259 6706 76 25 ainsi
349 6712 57 25 que
420 6707 44 24 les
481 6706 30 25 15
518 6706 145 32 chapitres
677 6710 53 27 des
748 6709 128 25 services

113 6733 234 33 pénitentiaires,
360 6736 29 27 et
402 6742 38 20 on
455 6741 88 28 passe
554 6741 38 23 an

1135 285 154 51 Budget
1308 287 77 39 des
1405 286 135 41 cultes

982 357 42 25 M.
1052 358 105 25 l'abbé
1171 358 153 31 Gayraud
1337 366 19 18 a
1370 358 29 25 la
1411 359 99 31 parole
1523 360 75 25 dans
1611 361 31 24 la
1661 362 57 24 dis-

953 387 121 24 cussion
1088 387 147 29 genérale.

984 429 31 5 —
1027 417 34 25 Je
1076 423 39 19 ne
1129 418 81 24 viens
1225 423 62 27 pas,
1307 418 85 28 dit-il,
1413 419 162 32 interroger
1592 420 28 26 le
1644 426 74 26 gou-

953 448 173 24 vernement
1137 453 51 19 sur
1202 453 34 20 sa
1254 448 137 33 politique
1407 449 146 31 générale.

985 477 74 25 Mais
1078 478 34 29 je
1131 478 138 25 voudrais
1294 479 39 25 lui
1356 479 160 25 demander
1537 479 43 26 s'il
1604 482 108 25 entend

952 507 157 25 maintenir
1127 507 27 26 le
1177 507 161 27 Concordat
1355 514 38 20 ou
1412 510 135 35 préparer
1558 510 29 26 le
1600 511 114 31 régime

952 536 37 25 de
1008 537 29 24 la
1054 536 168 31 séparation
1240 538 69 25 cher
1326 538 20 25 A
1361 544 55 19 nos
1430 538 157 30 collègues.

982 564 79 27 Vous
1088 572 78 22 avez,
1189 567 149 26 Monsieur
1364 568 27 26 le
1415 568 147 31 président
1579 569 40 25 du
1632 570 80 26 Con-

952 595 64 31 seil,
1031 597 119 25 soulevé
1167 598 144 25 certaines
1335 596 157 28 difficultés
1518 599 129 25 via-à-vis
1671 601 40 26 du

951 625 194 32 Saint-Siège,
1161 632 38 20 au
1216 629 81 31 sujet
1308 627 38 26 de
1362 628 28 24 la
1403 627 151 27 rédaction
1563 628 37 27 de
1614 629 95 27 bulles

951 656 37 26 de
1005 655 181 27 nomination
1201 656 51 27 des
1266 657 134 32 évêques.

981 687 37 23 M.
1033 686 147 25 Combes.
1198 699 30 7 —
1248 687 76 38 C'est
1343 694 70 18 mon
1435 688 207 37 prédécesseur
1660 691 49 35 qui

952 721 19 21 a
982 716 47 26 été
1041 717 124 26 informé
1180 723 52 26 par
1250 718 27 26 le
1292 717 115 27 Conseil
1426 713 94 31 d'Etat
1540 719 36 26 de
1593 721 29 24 la
1636 720 76 27 diffi-

950 747 79 25 culté
1042 753 57 26 que
1112 748 142 25 soulevait
1268 747 26 26 le
1309 748 89 26 nobis
1413 750 187 25 nominavit.

981 777 172 32 J'approuve
1174 779 37 25 M.
1228 779 299 25 Waldeck-Rousseau
1546 781 30 24 et
1592 781 28 25 le
1638 781 72 25 Con-

951 808 56 25 seil
1031 808 102 28 d'Etat,
1148 810 31 24 et
1192 809 34 29 je
1245 810 46 24 dis
1311 815 65 24 que,
1396 809 44 25 s'il
1459 815 17 23 y
1493 815 19 19 a
1531 815 40 19 un
1595 817 116 20 mouve-

950 839 84 23 ment
1046 838 75 24 dans
1133 837 27 26 le
1175 842 71 21 sens
1260 838 36 25 de
1311 838 28 25 la
1353 838 168 31 séparation
1536 838 37 27 de
1592 839 117 31 l'Eglise

951 869 29 22 et
994 867 36 25 de
1044 867 93 27 l'Etat,
1152 866 19 26 il
1186 868 45 25 est
1242 868 40 26 dû
1295 868 19 25 à
1331 868 134 27 l'orateur
1477 870 30 25 et
1521 868 19 26 à
1558 874 50 21 ses
1621 870 87 26 amis.

950 897 91 33 (Appl.
1057 898 18 26 à
1088 897 292 34 l'extrême-gauche.)

980 930 37 22 M.
1033 929 166 28 Dejeante.
1214 940 31 9 —
1259 930 166 27 Imitez-les,
1437 932 88 23 vouai
1539 931 117 28 (Rires.)

980 958 39 24 M.
1032 958 104 25 l'abbé
1147 958 159 30 Gayraud.
1322 971 31 8 —
1364 959 36 26 Je
1414 964 37 20 ne
1464 959 115 27 discute
1593 967 58 24 que
1661 960 47 27 les

949 987 71 26 faits
1045 988 73 25 dont
1140 994 71 20 vous
1235 989 62 26 êtes
1322 989 189 32 responsable
1534 991 30 24 et
1583 991 49 31 qui
1656 997 50 19 en-

949 1019 116 24 travent
1091 1018 150 29 l'exercice
1267 1019 39 26 du
1331 1020 76 25 culte
1434 1019 76 26 dans
1544 1027 42 19 un
1614 1021 94 32 grand

950 1048 122 27 nombre
1085 1048 37 27 de
1136 1049 147 31 paroisses
1296 1049 37 28 de
1346 1050 120 27 France.

981 1079 43 24 En
1043 1079 123 25 nombre
1184 1079 37 24 de
1240 1081 155 29 paroisses,
1410 1086 73 19 vous
1502 1081 115 25 refusez
1630 1082 78 25 d'en-

949 1109 147 30 registrer,
1102 1114 72 19 sans
1180 1108 147 27 d'ailleurs
1334 1109 129 31 alléguer
1473 1115 113 20 aucune
1595 1112 110 27 raison,

949 1138 43 26 les
1005 1138 198 26 nominations
1212 1138 38 27 de
1261 1145 85 20 curés
1356 1139 86 26 faites
1453 1139 47 32 par
1510 1139 45 32 les
1564 1139 138 33 évêques.

979 1167 133 28 Ailleurs,
1124 1174 71 26 pour
1203 1168 43 28 les
1261 1169 195 27 desservants,
1471 1175 71 20 vous
1552 1171 155 29 prétendez

948 1197 68 29 bien
1029 1204 56 26 que
1099 1199 29 24 la
1141 1199 181 26 nomination
1337 1200 198 32 appartienne,
1549 1200 114 27 d'après
1675 1201 29 27 le

947 1228 171 28 Concordat,
1133 1235 59 19 aux
1206 1230 135 32 évêques,
1356 1236 71 20 vous
1446 1230 156 33 prétendez
1613 1233 94 25 forcer

948 1259 111 26 ceux-ci
1074 1259 37 26 de
1124 1260 43 25 les
1181 1260 129 31 changer
1324 1262 17 24 à
1355 1263 81 24 votre
1446 1261 92 31 guise.

978 1290 37 24 M.
1039 1290 148 26 Combes.
1212 1303 31 7 —
1266 1291 26 28 Il
1315 1291 46 31 n'y
1382 1297 19 19 a
1422 1297 53 26 pas
1498 1291 104 31 quinze
1623 1292 83 31 jours

948 1319 89 33 qu'un
1050 1319 109 34 évêque
1170 1326 17 19 a
1199 1319 46 28 été
1254 1321 164 26 condamné
1433 1327 37 20 en
1480 1327 69 20 cour
1558 1322 36 26 de
1605 1322 100 30 Rome,

948 1351 29 24 et
989 1349 108 26 celle-ci
1113 1351 150 34 empiétait
1277 1351 77 26 alors
1369 1358 51 18 sur
1433 1357 54 19 nos
1500 1351 141 28 droits,....

977 1380 37 24 M.
1031 1380 123 27 Lasies.
1170 1380 140 33 ironique.
1319 1392 32 9 —
1363 1381 26 27 Il
1402 1387 38 20 ne
1454 1381 64 27 faut
1534 1387 54 25 pas
1601 1383 107 26 tolérer

948 1410 55 29 cela
1014 1410 13 29 !
1043 1411 113 28 (Rires.)

978 1440 37 24 M.
1043 1439 146 26 Combes.
1210 1452 31 12 —
1317 1442 17 24 à
1360 1447 99 21 verser
1484 1447 59 20 une
1566 1444 83 24 rente
1671 1443 36 25 de

946 1468 47 26 500
1020 1468 98 27 francs
1146 1470 18 25 à
1187 1476 41 19 un
1254 1471 174 26 desservant
1452 1477 57 26 que
1530 1473 46 24 cet
1598 1472 109 32 évêque

947 1499 79 25 avait
1039 1499 118 32 déplacé
1169 1502 101 25 contre
1282 1508 55 18 son
1350 1502 61 31 gré,
1427 1503 30 24 et
1470 1501 48 32 qui
1534 1502 78 25 avait
1625 1502 81 32 porté

946 1534 35 21 sa
993 1529 108 30 plainte
1120 1531 18 24 à
1153 1530 99 27 Rome.
1268 1532 90 31 (Appl,
1372 1532 19 25 à
1412 1532 293 32 l'extrême-gauche.)

976 1560 37 23 M.
1034 1560 109 24 l'abbé
1160 1561 160 30 Gayraud.
1332 1574 32 7 —
1382 1562 39 26 Ce
1443 1562 53 25 fait
1514 1565 115 24 montre
1647 1568 58 25 que

946 1588 93 26 Rome
1060 1591 131 29 respecte
1208 1592 99 24 mieux
1321 1597 57 20 que
1396 1598 73 18 vous
1485 1592 45 24 les
1547 1592 92 25 droits
1652 1595 53 23 des

944 1617 197 28 desservants.
1157 1617 92 35 (Appl.
1262 1627 51 20 sur
1324 1618 96 29 divers
1433 1621 112 31 bancs.)

978 1649 90 31 Après
1083 1649 79 26 avoir
1176 1651 127 29 protesté
1323 1653 98 24 contre
1442 1651 43 25 les
1506 1657 122 26 moyens
1653 1658 52 26 par

945 1677 129 32 lesquels
1093 1679 27 25 le
1145 1683 232 27 gouvernement
1398 1681 95 25 réduit
1513 1681 42 24 les
1582 1682 121 25 anciens

945 1708 251 31 congréganistes,
1209 1710 96 25 même
1316 1710 184 26 sécularisés,
1513 1711 19 24 à
1544 1712 110 25 mourir
1667 1712 38 26 de

946 1737 80 29 faim,
1042 1738 134 26 l'orateur
1193 1745 87 24 passe
1294 1741 19 25 à
1325 1741 30 25 la
1371 1741 190 31 suppression
1572 1741 54 27 des
1639 1742 66 25 trai-

945 1768 128 26 tements
1087 1768 245 34 ecclésiastiques.

976 1798 38 26 Ce
1035 1799 68 26 sont
1123 1798 37 28 là,
1176 1798 82 30 dit-il,
1275 1800 38 26 de
1331 1801 157 26 véritables
1505 1800 63 27 vols
1589 1801 112 31 (Hurle-

946 1830 97 25 ments
1057 1829 17 25 à
1089 1829 290 33 l'extrême-gauche),
1393 1833 31 24 et
1442 1832 28 24 la
1480 1831 88 26 chose
1581 1834 121 26 ressort,

945 1861 65 24 tant
1029 1859 39 26 du
1093 1860 103 26 décret
1220 1860 37 27 de
1278 1861 190 26 l'Assemblée
1488 1861 148 27 nationale
1662 1863 41 25 du

946 1889 18 26 2
975 1890 157 25 novembre
1140 1890 63 25 1789
1216 1897 57 27 que
1288 1890 36 27 de
1335 1892 28 24 la
1377 1891 193 27 Constitution
1580 1892 36 26 de
1630 1892 72 31 1789,

945 1919 181 31 proclamant
1138 1920 27 25 le
1174 1914 108 39 budget
1295 1921 53 26 des
1353 1922 92 25 cultes
1455 1921 80 26 dette
1541 1922 160 27 nationale.

975 1949 98 25 L'Etat
1086 1951 47 23 n'a
1147 1957 51 30 pas
1210 1951 65 30 plus
1289 1952 26 25 le
1333 1945 73 32 droit
1420 1952 38 24 de
1475 1952 87 24 saisir
1574 1953 44 24 tes
1632 1952 68 25 trai-

944 1980 129 25 tements
1097 1981 236 32 ecclésiastiques
1356 1987 57 27 que
1433 1981 36 26 de
1485 1982 165 30 supprimer
1674 1983 29 26 le

944 2011 157 36 payement
1116 2010 52 26 des
1181 2016 130 27 coupons
1329 2011 67 26 d'un
1415 2012 109 25 rentier
1538 2017 50 21 sur
1609 2013 93 26 l'Etat.

944 2038 75 27 Mais
1040 2039 125 27 l'odieux
1180 2039 40 27 du
1228 2042 47 26 vol
1286 2047 35 22 se
1334 2042 104 26 double
1453 2041 36 27 de
1506 2041 125 28 l'odienx
1650 2043 52 26 des

944 2069 138 31 procédés
1096 2070 158 33 employés.

976 2099 141 37 L'origine
1131 2100 37 26 de
1178 2101 28 25 la
1220 2103 189 31 suppression
1417 2103 46 25 est
1472 2102 228 27 ordinairement

945 2136 58 19 une
1030 2130 204 27 dénonciation
1262 2138 147 25 anonyme
1434 2133 72 25 dont
1529 2132 29 25 la
1583 2134 117 25 victime

945 2159 74 26 n'est
1029 2159 109 32 jamais
1156 2161 119 32 appelée
1288 2163 18 26 à
1320 2162 110 28 fournir
1449 2168 111 21 aucune
1576 2164 122 30 explica-

943 2189 63 25 tion
1017 2195 52 20 sur
1082 2190 43 26 les
1138 2191 69 25 faits
1221 2192 49 32 qui
1284 2192 40 25 lui
1337 2194 70 24 sont
1428 2192 163 30 reprochés,
1609 2194 29 24 et
1651 2194 48 24 est

945 2218 118 32 frappée
1088 2220 85 26 d'une
1204 2222 126 25 amende
1363 2221 138 26 indéfinie
1531 2222 75 26 dans
1641 2229 55 19 son

944 2244 100 31 chiffre
1071 2251 29 24 et
1123 2250 74 26 dans
1220 2257 35 20 sa
1279 2251 98 29 durée,
1401 2257 49 21 car
1470 2252 29 25 la
1519 2252 86 30 peine
1630 2254 69 30 peut

944 2279 86 25 durer
1044 2286 41 18 un
1099 2286 38 18 an
1151 2287 38 17 ou
1202 2280 50 26 dix
1266 2288 64 19 ans.

976 2309 56 25 Les
1043 2309 100 25 motifs
1156 2309 130 32 allégués
1298 2312 68 25 sont
1378 2311 280 30 invraisemblables,
1673 2314 30 26 et

943 2339 68 29 tels,
1025 2345 56 25 que
1094 2339 76 26 dans
1185 2346 113 21 aucune
1318 2342 84 24 autre
1416 2341 235 27 administration
1664 2342 38 26 ils

945 2374 38 20 ne
996 2369 129 26 seraient
1135 2369 95 26 admis
1244 2371 76 26 ainsi
1339 2376 73 21 sans
1433 2377 114 21 aucune
1571 2373 124 32 enquête

944 2399 31 25 ni
988 2398 222 33 interrogatoire
1222 2402 31 24 ni
1268 2401 93 32 explic
1409 2407 57 20 ons.

975 2427 147 28 L'orateur
1126 2430 55 26 cite
1191 2430 95 27 divers
1295 2437 74 20 exem
1455 2440 5 16 :
1471 2432 113 27 Parfois
1595 2432 106 31 même,

944 2465 115 20 comme
1072 2466 71 25 pour
1155 2460 27 26 le
1196 2462 69 25 curé
1275 2461 117 33 d'Aspi
1419 2479 4 6 .
1435 2462 151 32 (Hérault).
1603 2464 100 31 frappé

944 2489 19 25 il
978 2496 18 25 y
1008 2495 17 19 a
1038 2492 102 28 quatre
1152 2496 63 24 ans,
1232 2498 94 19 aucun
1342 2498 81 19 motu
1437 2493 74 24 n'est
1525 2493 113 30 allégué
1647 2492 8 26 !

974 2521 81 24 Dans
1082 2521 43 24 les
1153 2522 98 25 antres
1285 2521 261 29 administrations,
1583 2529 114 21 aucune

942 2550 86 56 Seine
1042 2550 74 26 n'est
1135 2552 162 29 prononcée
1314 2558 58 25 que
1392 2558 52 19 snr
1461 2553 63 25 avis
1542 2553 54 26 des
1614 2554 86 25 chefs

963 2586 16 19 e
993 2581 118 29 service,
1131 2581 178 27 l'intéresssé
1328 2584 88 30 ayant
1434 2582 46 26 été
1501 2584 129 25 entendu
1642 2591 7 22 ;
1672 2585 30 24 et

942 2612 75 24 cette
1032 2611 92 31 peine,
1139 2611 49 33 qui
1203 2618 36 20 va
1253 2612 35 26 de
1303 2612 28 26 la
1350 2612 184 32 réprimande
1548 2613 17 26 à
1580 2615 29 24 la
1622 2613 79 27 révo-

943 2641 104 27 cation,
1067 2648 37 20 ne
1125 2643 68 30 peut
1213 2642 94 29 durer,
1330 2643 98 31 quand
1454 2643 21 25 il
1498 2643 86 32 s'agit
1610 2644 37 25 de
1673 2644 29 25 la

944 2672 189 29 suppression
1153 2672 39 25 du
1207 2673 177 27 traitement,
1400 2679 57 25 que
1475 2673 77 25 deux
1572 2675 76 24 mois
1662 2680 39 20 au

943 2700 66 31 plus
1022 2706 72 25 pour
1108 2702 29 23 la
1149 2701 99 26 moitié
1262 2702 39 25 du
1314 2702 101 25 chiffre
1430 2703 38 24 de
1476 2708 33 19 ce
1522 2703 177 26 traitement

974 2731 143 32 Pourquoi
1138 2731 43 26 les
1202 2732 126 31 évêques
1352 2734 30 24 et
1407 2732 42 26 les
1478 2733 110 36 prêtres
1615 2734 85 26 seuls

943 2760 117 26 sont-ils
1073 2761 98 31 l'objet
1184 2761 69 27 d'un
1267 2762 121 31 procédé
1401 2757 98 31 abusif
1513 2764 30 24 et
1558 2763 143 26 inadmis-

945 2790 70 25 sible
1026 2790 13 25 ?

975 2820 127 25 Souvent
1117 2820 90 30 aussi,
1223 2821 92 31 parmi
1341 2821 42 26 les
1407 2821 99 25 motifs
1529 2821 130 33 allégués
1682 2823 20 26 à

942 2850 106 31 l'appui
1063 2850 52 25 des
1140 2852 206 29 suppressions
1360 2850 36 26 de
1414 2852 177 28 traitement,
1607 2854 94 34 figure

943 2879 29 26 la
986 2879 133 26 fameuse
1132 2888 15 15 «
1160 2881 156 30 ingérence
1329 2881 133 26 cléricale
1469 2891 13 13 »
1489 2882 75 26 dans
1571 2883 43 25 les
1629 2883 72 26 élec-

943 2910 87 26 tions.

973 2941 47 27 Or,
1035 2940 27 25 le
1075 2940 161 26 Concordat
1248 2943 150 24 reconnaît
1414 2948 38 20 au
1472 2942 96 32 clergé
1581 2944 28 25 le
1625 2944 76 25 droit

942 2970 185 31 d'enseigner
1139 2971 29 24 la
1182 2973 119 24 morale.

974 3000 84 27 Mais,
1068 3006 115 19 comme
1197 3001 26 25 le
1236 3002 88 25 disait
1334 3002 35 25 ici
1384 3003 64 31 Mgr
1463 3002 151 32 Freppel...

974 3031 37 24 M.
1025 3030 195 25 Réveillaud.
1229 3045 31 6 —
1269 3032 44 25 Ne
1326 3032 76 25 dites
1414 3037 53 26 pas
1479 3033 220 32 Monseigneur!

943 3060 90 32 (Appl.
1049 3062 18 23 à
1081 3060 292 33 l'extrême-gauche.)

973 3091 37 23 M.
1014 3091 106 25 l'abbé
1131 3091 81 31 Gayr
1220 3093 103 24 aud.—
1340 3092 48 31 .le
1400 3093 100 25 devoir
1512 3094 135 25 électoral
1654 3097 47 23 est

942 3126 59 19 une
1015 3121 90 30 partie
1127 3122 174 29 importante
1319 3123 37 24 de
1375 3123 28 23 la
1417 3123 109 24 morale
1540 3124 117 28 sociale,
1670 3126 30 23 et

942 3149 27 26 le
983 3150 94 31 clergé
1092 3156 25 22 a,
1131 3150 50 25 dès
1198 3151 65 28 lors,
1273 3152 26 25 le
1313 3152 74 24 droit
1396 3153 29 24 et
1434 3152 27 25 le
1472 3152 99 26 devoir
1581 3154 36 24 de
1633 3154 66 26 l'en-

942 3180 116 31 seigner
1084 3186 57 20 aux
1168 3180 110 29 fidèles,
1306 3183 29 24 et
1355 3182 36 25 de
1413 3182 140 26 défendre
1582 3184 116 31 l'Eglise

942 3212 98 24 contre
1051 3211 41 25 les
1100 3212 134 31 attaques
1243 3212 153 33 politiques
1403 3214 30 23 et
1441 3212 175 28 doctrinales
1627 3214 72 26 dont

942 3240 56 27 elle
1014 3243 46 23 est
1074 3241 106 32 l'objet.

974 3271 142 25 Peut-être
1130 3271 162 33 direz-vous
1307 3279 56 26 que
1380 3274 44 24 les
1440 3274 111 30 prêtres
1565 3277 68 23 sont
1646 3275 53 25 des

942 3300 227 26 fonctionnaires
1196 3302 30 25 et
1255 3302 126 28 doivent,
1408 3308 36 20 en
1474 3304 76 25 cette
1580 3305 117 31 qualité,

942 3331 156 25 s'abstenir
1111 3331 36 26 de
1160 3331 73 27 faire
1249 3332 36 26 de
1296 3332 32 26 la
1341 3333 146 31 politique.

972 3383 142 32 Pourquoi
1125 3383 86 28 alors,
1224 3389 60 21 aux
1292 3384 139 26 élections
1440 3385 37 25 de
1488 3385 68 28 1902,
1569 3386 131 26 écriviez-

943 3419 73 19 vous
1030 3419 58 19 aux
1111 3413 107 31 préfets
1237 3414 36 26 de
1295 3414 161 26 combattre
1477 3421 70 20 avec
1567 3418 66 24 tous
1655 3416 44 26 les

942 3443 226 26 fonctionnaires
1182 3449 71 21 sous
1267 3451 53 19 vos
1333 3445 134 26 couleurs
1474 3445 14 25 ?

970 3474 39 24 M.
1024 3474 146 25 Combes.
1183 3486 30 7 —
1237 3475 35 25 Je
1295 3481 38 19 ne
1356 3475 107 31 parlais
1493 3481 53 25 pas
1569 3482 71 25 pour
1653 3476 45 26 les

941 3504 238 31 ecclésiastiques
1193 3503 112 32 (Rires).

970 3534 37 25 M.
1030 3534 106 25 l'abbé
1153 3534 159 31 Gayrand.
1333 3548 30 6 —
1384 3535 159 27 D'ailleurs,
1562 3535 37 26 ils
1621 3536 78 27 n'au-

939 3564 93 25 raient
1052 3570 51 25 pas
1122 3564 74 25 suivi
1211 3571 52 19 vos
1280 3565 174 26 indications
1472 3567 30 24 et
1513 3565 33 31 je
1565 3572 37 19 ne
1616 3572 80 25 peux

939 3600 57 25 que
1012 3594 43 25 les
1065 3600 36 19 en
1117 3594 88 26 louer.
1217 3595 94 27 (Rires
1325 3598 29 22 et
1368 3596 87 31 appl.)

970 3622 142 33 Pourquoi
1128 3629 37 20 ne
1177 3626 266 28 permettriez-vous
1454 3631 52 25 pas
1516 3631 60 20 aux
1586 3626 111 31 prêtres

939 3653 36 25 de
990 3653 87 25 lutter
1089 3659 71 25 pour
1172 3653 29 25 la
1214 3653 120 27 défense
1347 3655 37 25 de
1395 3655 28 25 la
1436 3655 122 31 religion
1577 3662 117 20 comme

938 3689 72 19 vous
1025 3684 160 30 permettez
1195 3689 60 20 aux
1269 3686 183 25 instituteurs
1465 3685 38 25 de
1517 3685 88 26 lutter
1625 3692 72 26 pour

938 3713 151 31 l'attaquer
1099 3715 13 23 ?

968 3743 43 25 En
1024 3743 78 30 dépit
1111 3743 36 25 de
1161 3742 29 26 la
1203 3745 154 25 neutralité
1369 3745 131 27 scolaire,
1512 3751 72 20 vous
1597 3746 100 25 lancez

938 3773 43 26 les
995 3773 183 26 instituteurs
1192 3773 75 27 dans
1284 3775 30 26 là
1325 3775 115 26 bataille
1454 3774 154 33 politique;
1621 3782 76 20 nous

938 3803 182 25 demandons
1143 3805 27 23 la
1191 3804 97 26 même
1309 3805 101 26 liberté
1432 3811 71 31 pour
1514 3805 43 25 les
1574 3806 121 31 prêtres,

938 3834 76 24 alors
1028 3835 116 24 surtout
1165 3840 56 22 que
1242 3835 73 26 dans
1336 3837 74 24 cette
1432 3829 116 31 bataille
1569 3836 19 24 il
1611 3838 46 24 est
1669 3836 27 26 si

937 3865 123 23 souvent
1073 3864 135 31 question
1226 3864 133 32 d'Eglise,
1369 3865 37 26 de
1426 3864 161 26 Concordat
1604 3867 29 24 et
1656 3865 37 27 de

937 3894 236 31 Congrégations.

973 3924 78 25 Voice
1063 3923 21 26 à
1094 3924 296 34 l'extrême-gauche.
1402 3938 32 6 —
1442 3925 56 26 Les
1511 3925 186 31 instituteurs

937 3954 56 23 ont
1001 3953 53 25 des
1066 3953 122 30 charges
1201 3960 57 24 que
1273 3955 43 25 les
1330 3955 85 24 curés
1430 3954 79 26 n'ont
1521 3960 52 25 pas
1584 3956 8 23 !

967 3982 24 26 Il
1009 3984 46 24 est
1069 3989 58 20 une
1143 3982 143 32 catégorie
1306 3983 126 27 d'autres
1450 3984 194 31 suspensions
1660 3984 36 26 de

937 4013 169 25 traitement
1124 4019 51 20 sur
1189 4013 156 33 lesquelles
1358 4015 136 32 j'appelle
1509 4015 79 25 votre
1605 4016 93 25 atten-

937 4043 69 30 tion,
1030 4044 74 31 j'ose
1135 4043 62 26 dire
1226 4046 80 25 votre
1339 4044 192 33 indignation.
1559 4045 94 30 (Rires
1679 4045 19 26 à

936 4074 289 31 l'extrême-gauche).

968 4104 80 25 Dans
1073 4104 27 25 le
1123 4103 93 32 projet
1237 4104 38 26 de
1294 4104 111 36 budget
1422 4105 37 25 de
1479 4104 69 27 1904,
1564 4104 31 25 la
1611 4105 85 25 Com-

938 4134 124 26 mission
1085 4134 39 25 du
1147 4133 109 32 budget
1270 4135 119 31 prévoit,
1406 4141 72 20 sous
1493 4134 26 26 le
1533 4134 68 27 titre
1617 4144 14 14 «
1651 4140 47 21 va-

936 4170 107 20 cances
1065 4164 152 31 d'emplois
1238 4173 24 21 »,
1275 4171 118 20 comme
1411 4165 167 25 réductions
1604 4166 15 24 à
1634 4171 60 26 pro-

937 4194 83 25 venir
1029 4194 54 26 des
1098 4194 206 31 suppressions
1312 4195 36 25 de
1361 4194 192 26 traitements.
1565 4194 87 26 25000
1660 4194 35 26 fr.

937 4229 36 21 en
988 4229 33 21 ce
1033 4223 48 30 qui
1096 4229 143 20 concerne
1249 4223 44 27 les
1307 4224 134 33 évêques,
1456 4223 100 27 100000
1569 4224 35 25 fr.
1618 4224 33 34 en
1664 4224 32 34 ce

937 4253 48 33 qui
1000 4260 142 20 concerne
1156 4254 42 25 les
1215 4254 85 26 curés
1317 4256 29 25 et
1362 4255 131 25 vicaires.

968 4288 41 25 La
1036 4288 196 26 Commission
1262 4291 68 30 peut
1360 4289 160 26 demander
1546 4289 149 32 beaucoup

935 4319 74 31 plus,
1025 4319 131 31 puisque,
1170 4317 73 33 cette
1258 4319 102 28 année,
1367 4325 73 24 pour
1452 4320 43 24 les
1511 4318 126 33 évêques
1652 4320 44 24 les

935 4349 206 31 suppressions
1156 4349 50 24 ont
1219 4349 104 25 atteint
1334 4349 97 25 175000
1444 4350 108 24 francs.
1564 4351 29 23 et
1607 4348 88 27 beau-

937 4384 77 25 coup
1029 4379 64 30 plus
1108 4384 104 19 encore
1227 4385 71 25 pour
1310 4379 28 25 le
1351 4382 77 23 reste
1442 4379 38 25 du
1495 4379 103 32 clergé.

967 4410 21 23 A
1003 4410 28 23 la
1045 4408 42 25 fin
1098 4408 37 25 de
1146 4408 69 27 1899,
1231 4409 18 24 à
1267 4410 29 23 la
1314 4410 77 25 suite
1409 4409 36 25 de
1464 4409 29 25 la
1516 4410 179 24 condamna-

937 4439 61 24 tion
1011 4440 30 23 et
1056 4438 36 25 de
1102 4439 28 24 la
1142 4438 173 26 dissolution
1324 4439 37 25 de
1374 4440 30 24 la
1414 4439 216 30 Congrégation
1640 4440 52 25 des

936 4469 270 31 Assomptionistes,
1225 4469 45 25 six
1289 4469 125 31 évêques
1438 4470 90 30 ayant
1547 4468 148 36 témoigné

936 4504 60 19 aux
1006 4498 181 25 condamnés
1194 4499 78 25 leurs
1285 4499 191 31 sympathies,
1485 4499 52 24 ont
1546 4498 45 27 été
1600 4499 95 31 privés

936 4527 36 26 de
987 4528 78 25 leurs
1077 4527 195 29 traitements,
1286 4528 58 32 qui,
1357 4528 112 32 depuis,
1486 4527 80 26 n'ont
1580 4534 53 26 pas
1646 4528 50 26 été

936 4558 129 26 rétablis.

966 4589 43 24 En
1028 4587 104 31 regard
1146 4588 37 25 de
1201 4595 32 19 ce
1249 4590 98 27 crime,
1364 4591 106 24 mettez
1489 4588 141 27 l'adresse
1644 4595 50 19 en-

936 4618 90 31 voyée
1039 4619 19 24 à
1070 4618 30 24 la
1114 4617 98 27 même
1225 4624 110 27 epoque
1349 4625 39 20 au
1401 4618 163 26 condamné
1574 4618 38 26 du
1625 4619 71 25 Con-

935 4647 54 27 seil
1003 4647 36 26 de
1052 4653 104 27 guerre
1168 4647 36 26 de
1219 4647 116 27 Rennes
1352 4655 50 25 par
1415 4654 59 20 une
1486 4648 76 27 série
1577 4648 37 26 de
1629 4655 66 29 pro-

936 4679 131 25 fesseurs
1092 4677 36 27 de
1148 4677 184 28 l'Université
1352 4680 30 26 et
1399 4679 128 26 d'autres
1552 4678 142 27 fonction-

936 4709 109 25 naires.

966 4739 24 26 A
1007 4736 296 32 l'extrême-gauche.
1317 4751 31 6 —
1361 4738 196 26 Nommez-les
1564 4740 7 23 !

969 4769 41 23 H.
1033 4768 106 24 l'abbé
1164 4767 159 33 Gayraud.
1346 4782 30 6 —
1399 4768 35 25 Je
1458 4768 76 25 m'en
1562 4768 134 35 garderai

934 4798 79 31 bien,
1027 4803 37 21 ne
1078 4797 117 26 voulant
1209 4798 80 26 avoir
1308 4798 63 26 l'air
1384 4798 30 26 ni
1432 4798 36 27 de
1483 4798 43 27 les
1541 4797 154 31 dénoncer,

935 4828 29 26 ni
978 4828 36 26 de
1028 4829 42 24 les
1083 4828 134 31 désigner
1231 4835 69 30 pour
1316 4829 28 26 la
1357 4829 87 26 croix.
1459 4828 92 31 (Rires
1564 4831 28 22 et
1606 4829 89 32 appl.)

965 4859 38 25 Ce
1014 4858 71 25 dont
1102 4859 30 29 je
1147 4863 47 20 me
1216 4859 104 31 plains,
1333 4859 70 26 c'est
1422 4864 56 27 que
1492 4859 27 25 le
1539 4863 157 26 gouverne-

935 4889 82 24 ment
1037 4894 38 19 ne
1099 4888 84 25 traite
1208 4894 52 25 pas
1281 4891 66 23 tous
1365 4888 44 26 les
1422 4889 130 31 citoyens
1570 4889 44 25 les
1637 4895 56 19 uns

936 4923 116 21 comme
1074 4918 43 25 les
1127 4919 108 24 autres.

967 4949 42 27 De
1024 4948 105 29 même,
1136 4948 16 26 à
1166 4947 28 28 la
1207 4949 81 28 suite
1293 4949 37 27 de
1343 4949 29 27 la
1379 4949 122 37 pétition
1508 4948 52 28 des
1569 4948 126 32 évêques

934 4979 37 25 de
986 4976 110 34 France
1112 4985 37 19 an
1173 4980 173 27 Parlement,
1363 4977 64 34 Mgr
1440 4979 135 28 Touchet,
1584 4979 110 32 évêque

934 5009 158 28 d'Orléans,
1110 5014 18 21 a
1141 5009 46 25 été
1201 5009 79 32 privé
1294 5009 33 33 de
1339 5009 54 33 son
1403 5010 170 25 traitement
1582 5015 115 21 comme

935 5039 83 26 étant
1030 5039 193 31 l'instigateur
1238 5042 29 23 et
1287 5040 27 26 le
1337 5040 151 26 rédacteur
1508 5039 37 26 de
1566 5045 33 20 ce
1610 5040 85 25 docu-

936 5070 91 26 ment.

965 5100 25 26 Il
1004 5106 19 19 a
1045 5099 136 32 protesté,
1201 5105 40 21 au
1253 5106 71 20 nom
1335 5101 37 27 de
1390 5101 29 25 la
1437 5099 90 28 vérité
1546 5099 51 27 des
1612 5100 84 30 faits;

935 5136 38 19 en
987 5130 67 24 vain
1069 5129 235 28 naturellement,
1316 5130 38 26 M.
1370 5129 124 27 Combes
1508 5136 18 18 a
1542 5131 151 24 maintenu

934 5158 29 26 la
978 5165 116 19 mesure
1109 5159 36 25 de
1154 5159 165 31 spoliation.

963 5189 80 27 Trois
1057 5188 84 28 curés
1156 5189 36 27 de
1207 5189 80 28 Paris
1297 5191 51 25 ont
1360 5190 46 28 été
1418 5189 118 33 frappés
1548 5189 36 28 de
1599 5189 97 28 même

933 5226 73 25 pour
1030 5220 80 24 avoir
1137 5220 52 24 fait
1215 5221 119 31 prêcher
1360 5221 148 25 d'anciens
1538 5220 157 32 congréga-

935 5250 107 28 nistes;
1058 5255 56 26 que
1137 5248 170 27 faites-vous
1330 5250 76 25 donc
1428 5250 36 26 de
1486 5249 95 27 l'arrêt
1603 5250 36 25 de
1665 5255 29 19 la

933 5280 75 26 Cour
1018 5279 36 26 de
1070 5280 149 25 cassation
1238 5280 150 26 déclarant
1401 5286 57 27 que
1473 5280 28 25 la
1513 5279 180 32 prédication

933 5310 77 26 n'est
1022 5316 53 26 pas
1086 5316 41 19 un
1143 5311 65 25 acte
1223 5309 36 27 de
1273 5309 245 34 congrégamete?

964 5340 82 25 Dans
1060 5340 28 25 le
1101 5339 152 29 Finistère,
1268 5340 44 26 les
1326 5339 207 33 suppressions
1548 5342 69 24 sont
1630 5346 65 26 par-

932 5369 215 27 ticulièrement
1164 5370 146 27 odieuses.

963 5401 24 25 A
1003 5399 56 37 l'île
1083 5400 183 29 d'Ouessant,
1281 5406 39 20 on
1339 5407 18 19 a
1377 5400 99 37 frappé
1496 5400 27 25 le
1543 5401 68 25 curé
1636 5401 58 30 qui,

934 5436 38 19 au
986 5431 134 25 moment
1133 5429 52 26 des
1198 5430 117 26 affaires
1329 5429 37 27 de
1381 5430 145 27 Fachoda,
1537 5430 78 25 avait
1629 5430 67 32 logé

935 5460 129 36 pendant
1078 5466 40 19 un
1132 5465 49 23 an,
1196 5466 72 20 sans
1289 5461 113 26 vouloir
1419 5462 132 29 accepter
1570 5467 41 18 un
1630 5466 66 20 cen-

934 5490 71 27 time
1025 5490 34 26 de
1084 5490 91 29 l'Etat,
1197 5490 64 32 plus
1286 5490 36 26 de
1340 5490 46 27 100
1409 5491 111 25 soldats
1544 5490 74 26 dans
1640 5496 55 21 son

934 5520 176 38 presbytère,
1124 5523 29 23 et
1174 5520 75 28 dans
1266 5522 44 26 les
1327 5521 77 27 deux
1422 5520 96 39 ecôtes
1536 5520 88 27 libres
1645 5521 51 31 qai

933 5552 40 25 lui
988 5551 228 31 appartenaient.
1231 5552 93 31 (Appl.
1339 5552 137 31 répétés.)

968 5578 43 34 M.
1023 5582 132 30 Dumay,
1172 5581 143 26 directeur
1339 5582 119 31 général
1478 5581 53 25 des
1549 5581 102 26 cultes.
1664 5592 33 9 —

935 5611 83 26 Nous
1032 5612 151 31 ignorions
1195 5616 33 21 ce
1237 5611 62 26 fait.

966 5643 36 24 M.
1019 5642 105 24 l'abbé
1138 5641 161 32 Gayraud.
1307 5654 31 7 —
1350 5642 30 25 Si
1391 5647 74 20 vous
1478 5642 82 25 aviez
1571 5642 53 25 fait
1638 5647 59 21 une

933 5672 134 31 enquête,
1081 5678 73 19 vous
1167 5672 117 26 l'auriez
1295 5678 105 19 connu.
1413 5672 94 29 (Rires
1519 5673 31 23 et
1563 5670 87 32 appl.)

964 5703 25 24 A
1004 5702 158 27 Lesneven,
1176 5707 76 19 vous
1265 5702 167 31 supprimez
1443 5703 25 23 le
1477 5701 171 25 traitement
1656 5701 39 26 du

934 5731 70 26 curé
1016 5730 140 32 coupable
1177 5730 37 25 de
1230 5731 118 26 prêcher
1364 5738 37 19 en
1416 5732 112 26 breton,
1545 5732 78 24 alors
1639 5737 57 25 que

934 5764 68 23 tous
1016 5762 44 25 les
1074 5761 172 25 dimanches
1261 5762 20 25 il
1296 5762 104 30 prêche
1414 5762 76 25 deux
1506 5761 56 26 fois
1573 5761 124 26 exclusi-

933 5793 121 24 vement
1068 5797 36 19 en
1120 5792 137 29 français.
1273 5792 92 29 (Rires
1375 5794 29 22 et
1420 5792 87 31 appl.)

964 5823 35 23 M.
1017 5822 147 24 Combes.
1179 5833 30 7 —
1223 5821 81 27 Noua
1323 5821 118 26 n'avons
1458 5821 60 26 rien
1532 5820 52 26 fait
1596 5827 56 27 que
1660 5821 37 25 de

933 5852 79 32 plein
1026 5852 103 25 accord
1142 5857 70 19 avee
1227 5853 26 24 le
1268 5852 93 31 préfet
1376 5852 39 26 du
1425 5851 151 26 Finistère.

964 5883 37 23 H.
1019 5882 107 24 l'abbé
1140 5881 159 30 Gayraud.
1314 5894 31 7 —
1361 5882 68 25 Cela
1447 5885 107 28 prouve
1568 5887 58 19 une
1640 5881 57 25 fois

934 5912 37 25 de
987 5911 65 37 plus
1064 5917 56 25 que
1132 5917 72 19 vous
1215 5911 100 27 deviez
1325 5912 74 26 faire
1410 5911 53 26 des
1478 5910 142 31 enquêtes
1631 5917 66 20 con-

933 5935 191 31 tradictoires.
1138 5941 109 31 (Appl.).

967 5971 128 26 Nombre
1111 5971 36 25 de
1164 5971 109 26 prètres
1288 5973 53 24 ont
1358 5972 49 26 été
1423 5972 109 31 spoliés
1549 5978 70 19 sous
1636 5972 61 31 pré-

933 6002 83 24 texte
1029 6000 135 32 d'emploi
1179 6001 100 26 abusif
1291 6002 37 25 de
1342 6002 28 24 la
1383 6003 108 30 langue
1504 6002 152 25 bretonne.

965 6031 84 27 Mais,
1072 6030 98 32 quand
1200 6037 39 20 un
1262 6031 168 26 subalterne
1453 6031 61 32 agit
1537 6031 161 26 conformé-

934 6063 84 24 ment
1032 6067 58 19 aux
1103 6062 190 24 instructions
1309 6062 148 25 formelles
1471 6063 30 23 et
1521 6061 128 38 précises
1661 6062 36 26 de

934 6097 56 20 son
1004 6091 75 27 chef,
1094 6092 89 24 est-ce
1196 6092 18 23 à
1229 6092 111 26 celui-ci
1354 6098 38 20 ou
1405 6092 18 25 à
1437 6091 116 26 celui-là
1566 6098 57 26 que
1636 6092 63 25 doit

935 6122 74 25 aller
1022 6122 29 25 la
1064 6120 241 32 responsabilité?

964 6153 36 23 M.
1026 6153 146 23 Combes.
1199 6163 30 8 —
1249 6153 34 24 Je
1309 6153 125 34 regrette
1455 6152 36 25 de
1514 6152 109 25 n'avoir
1645 6158 53 26 pas

934 6188 97 20 connu
1046 6187 34 20 ce
1093 6187 58 26 que
1172 6187 73 21 vous
1265 6188 47 20 me
1328 6182 85 30 dites,
1424 6187 50 21 car
1485 6181 122 33 j'aurais
1621 6188 78 20 com-

935 6213 104 26 mencé
1044 6218 56 31 par
1113 6217 166 26 supprimer
1289 6213 27 25 le
1325 6213 171 26 traitement
1505 6212 37 27 de
1556 6212 140 33 l'évêque.

934 6244 92 30 (Appl.
1039 6248 19 19 a
1071 6240 151 28 l'extrême
1233 6243 133 31 gauche.)

965 6275 39 24 M.
1033 6273 109 25 l'abbé
1161 6273 160 31 Gayraud.
1343 6286 31 7 —
1393 6273 35 27 Je
1451 6279 37 20 ne
1516 6274 115 26 saurais
1655 6279 44 21 re-

935 6305 110 30 gretter
1064 6303 37 27 de
1125 6309 72 20 vous
1219 6303 98 27 l'avoir
1341 6303 51 29 dit.
1411 6309 58 23 car.
1492 6303 26 26 si
1539 6309 72 21 vous
1632 6311 56 25 sup

936 6334 111 31 primez
1061 6339 52 26 par
1128 6333 108 27 hasard
1248 6333 180 27 l'indemnité
1443 6333 35 27 de
1492 6333 66 32 Mgr
1569 6334 130 37 l'évêque

937 6363 159 29 Dubillard,
1117 6370 72 20 vous
1208 6364 40 27 lui
1265 6365 125 26 créeriez
1408 6365 27 25 le
1455 6363 64 37 plus
1538 6363 74 27 beau
1632 6365 67 27 titre

936 6395 164 25 d'honneur
1114 6396 30 24 et
1156 6394 37 26 de
1206 6395 91 33 gloire
1311 6396 49 33 qui
1374 6400 33 21 se
1422 6400 99 28 puisse
1535 6394 164 34 imaginer!

937 6426 90 30 (Appt.
1042 6432 38 18 au
1095 6427 99 23 centre
1206 6427 31 24 et
1251 6427 18 25 à
1282 6426 112 29 droite.)

969 6456 37 24 M.
1026 6455 140 24 viiliers.
1185 6467 27 7 —
1224 6456 39 25 Ce
1277 6461 67 21 sera
1358 6461 58 21 une
1430 6455 93 26 saleté
1541 6455 38 27 de
1601 6456 66 32 plus
1680 6456 19 25 à

938 6486 85 26 l'acri!
1043 6485 36 26 de
1093 6484 37 27 M.
1144 6485 124 27 Combes
1282 6486 7 26 !

966 6517 38 24 M.
1021 6517 106 24 l'abbé
1139 6517 199 30 Gayraud.—
1351 6518 160 28 Vraiment,
1527 6517 169 30 Messieurs,

937 6547 141 31 qu'est-ce
1104 6553 57 28 que
1182 6546 62 26 cela
1269 6550 68 29 peut
1361 6547 67 27 bien
1451 6553 73 20 vous
1541 6546 81 30 faire,
1642 6554 56 25 que

938 6582 77 20 nous
1030 6576 153 31 prêchions
1195 6582 37 19 en
1250 6577 111 28 breton,
1374 6582 38 21 en
1426 6577 83 29 latin,
1525 6582 37 20 en
1577 6578 118 28 hébreu,

937 6612 38 20 en
988 6612 76 25 grec,
1080 6612 37 19 en
1134 6606 129 26 sanscrit
1272 6607 13 25 ?

967 6636 134 26 Frédéric
1114 6636 27 26 le
1164 6636 96 27 Grand
1279 6637 125 32 appelait
1425 6642 39 21 un
1486 6642 153 28 empereur
1659 6638 40 26 dn

936 6666 79 27 XVIIIe
1030 6667 89 26 siècle
1154 6675 14 15 «
1181 6666 69 27 Mon
1265 6667 74 26 frère
1354 6668 26 25 le
1396 6668 164 26 sacristain.
1577 6677 15 15 »

968 6698 44 24 En
1028 6696 98 27 vérité,
1145 6697 32 31 je
1197 6703 48 19 me
1263 6697 145 26 demande
1430 6698 43 25 s'il
1494 6699 46 30 n'y
1561 6704 17 20 a
1598 6704 52 25 pas
1664 6699 35 25 ici

937 6728 66 31 trop
1013 6726 38 27 de
1061 6726 180 28 sacristains.
1257 6727 93 32 (Rires
1366 6730 29 24 et
1408 6728 88 32 appl.)

1804 288 42 26 En
1881 292 130 32 passant,
2039 291 136 27 l'orateur
2204 294 95 27 relève
2324 293 149 28 vivement
2498 295 29 26 le

1772 318 184 28 catéchisme
1969 320 40 26 du
2027 321 115 26 diocèse
2159 322 37 25 de
2216 323 137 32 Quimper
2367 330 37 20 en
2419 325 107 27 mains,

1771 346 28 27 le
1813 346 162 37 mensonge
1986 350 39 26 du
2039 351 149 30 président
2201 352 37 27 du
2255 353 124 29 Conseil,
2390 355 49 30 qui
2449 356 79 24 attri-

1771 377 82 26 buait
1860 379 80 30 jadis
1953 380 19 26 à
1983 381 124 27 l'édition
2125 383 139 25 bretonne
2283 384 38 26 do
2341 385 46 24 cet
2400 390 129 27 ouvrage

1837 414 90 33 pages
1942 411 48 30 qui
2005 411 80 26 n'ont
2097 411 110 31 jamais
2220 412 56 27 été.

1800 438 43 25 En
1862 439 269 31 Tarn-et-Garonne,
2153 449 40 19 un
2211 444 77 28 curé,
2303 444 37 25 M.
2359 444 105 29 Bénac,
2480 447 46 25 est

1769 468 92 32 spolié
1876 475 72 25 pour
1960 479 16 16 «
1989 472 154 30 ingérence
2157 473 153 27 électorale
2323 482 15 15 »
2346 482 7 21 ;

1798 499 58 25 Son
1867 501 91 25 crime
1970 506 21 21 a
2002 502 127 25 consisté
2145 503 17 24 à
2174 502 61 27 dire
2249 505 18 24 à
2280 510 49 19 ses
2343 505 180 30 paroissiens

1766 527 37 26 de
1826 534 38 19 ne
1897 535 53 28 pas
1977 531 119 26 oublier,
2122 532 108 24 devant
2264 534 43 24 les
2331 540 97 22 urnes,
2456 534 67 26 leur

1765 556 106 26 double
1884 559 68 25 titre
1965 560 37 25 de
2015 561 164 32 catholique
2193 564 31 23 et
2235 563 37 26 de
2286 556 138 38 frangais.

1797 587 282 33 L'extrême-gauche
2102 593 127 30 proteste
2250 599 54 26 par
2322 594 37 24 de
2383 594 141 27 violentes

1765 616 208 33 Interruptions
1985 623 100 23 contre
2096 621 44 25 les
2152 622 144 30 gênantes
2310 625 213 24 constatations

1765 646 86 26 faites
1865 654 52 25 par
1929 650 143 27 l'orateur.

1794 677 73 25 Tant
1878 685 57 24 que
1948 686 73 19 vous
2034 687 37 20 ne
2082 681 147 26 donnerez
2242 689 52 25 pas
2301 683 53 26 des
2361 684 91 31 juges
2460 690 59 21 aux

1764 707 111 38 prêtres
1907 716 56 26 que
1993 717 73 21 vous
2098 711 125 32 frapper,
2258 713 108 31 riposte
2399 714 119 30 celui-ci,

1760 736 106 32 j'aurai
1893 740 28 25 le
1945 741 77 25 droit
2046 743 31 23 et
2101 742 25 25 le
2149 742 99 26 devoir
2269 744 186 25 dintervenir
2484 745 36 25 ici

1764 772 72 27 pour
1851 768 44 27 les
1907 769 147 28 défendre.
2070 772 92 32 (Appl.
2176 779 51 19 sur
2242 773 96 26 divers
2350 775 109 29 bancs).

1795 799 81 25 Dans
1904 801 29 24 la
1964 801 104 26 Haute-
2073 803 143 27 Garonne,
2241 804 70 25 c'est
2340 811 41 18 un
2415 804 104 31 prêtre,

1763 827 38 26 M.
1819 828 126 28 Larrieu,
1959 831 71 24 dont
2044 832 26 25 le
2083 832 194 26 dévouement
2286 839 39 19 an
2332 839 86 20 cours
2434 834 86 25 d'une

1763 857 127 26 affreuse
1903 859 144 31 épidémie
2059 867 20 19 a
2093 861 52 25 fait
2161 862 193 26 l'admiration
2373 863 147 35 générale.

1763 887 48 32 qui
1837 894 37 19 en
1891 890 83 31 guise
1987 890 37 26 de
2035 890 198 34 récompense,
2250 895 46 23 est
2310 894 80 32 prive
2407 886 37 32 de
2465 899 55 20 son

1763 918 77 31 pain.

1792 949 122 28 Comme
1925 950 37 26 l'a
1979 951 72 26 écrit
2065 958 59 19 une
2142 952 37 26 de
2199 958 49 21 ces
2262 954 102 26 nobles
2375 955 143 28 victimes,

1762 979 173 31 qu'importe
1959 982 75 25 cette
2062 981 122 33 iniquité
2207 984 31 24 et
2259 989 50 20 ces
2338 984 183 31 privations?

1763 1008 73 27 Dieu
1859 1011 31 24 et
1912 1010 30 27 la
1964 1011 111 27 France
2101 1014 121 28 restent,
2244 1013 43 27 les
2312 1014 84 27 curés
2418 1014 81 27 aussi
2510 1015 9 24 !

1763 1039 90 32 (Appl.
1869 1041 29 24 et
1911 1042 93 31 rires.)

1791 1071 37 24 M.
1847 1072 118 31 Cénac,
1984 1073 107 30 député
2106 1074 37 24 de
2166 1075 236 27 Gastalsarrazin,
2424 1077 39 23 ob
2484 1081 36 20 se

1762 1100 103 24 trouve
1890 1101 37 24 M.
1935 1101 17 33 l'
1963 1102 74 24 atabe
2056 1102 103 28 Bénac,
2174 1105 119 24 nommé
2310 1110 52 25 par
2375 1104 38 25 M.
2428 1104 93 26 l'abbé

1764 1129 143 31 Gayraud,
1924 1131 114 26 déclare
2057 1125 67 39 qu'il
2145 1133 75 24 n'est
2238 1139 71 26 pour
2323 1134 64 26 rien
2402 1126 75 33 dans
2490 1135 30 25 la

1760 1165 118 19 mesure
1891 1162 76 33 prise
1978 1163 100 24 contre
2093 1168 32 20 ce
2138 1163 101 30 prêtre.

1790 1189 39 26 Ce
1849 1196 46 33 qui
1916 1191 167 36 n'empêche
2102 1199 62 24 pas,
2183 1193 160 31 ajoute-t-il,
2358 1201 58 27 que
2433 1195 81 26 l'atti-

1759 1217 70 28 cude
1849 1216 39 29 du
1907 1222 95 33 cierge
2021 1223 37 25 de
2074 1225 46 23 cet
2135 1223 252 27 arrondissement
2400 1231 115 20 comme

1759 1249 38 27 de
1809 1250 129 33 l'évêque
1949 1253 36 25 de
2004 1253 187 28 Montauban,
2205 1255 129 30 pendant
2353 1255 29 26 la
2398 1255 119 33 période

1759 1280 163 30 électorale,
1938 1288 17 19 a
1970 1283 47 25 été
2021 1284 201 25 scandaleuse.
2235 1286 91 31 (Appl.
2338 1286 19 25 à
2368 1286 151 26 l'extrême

1760 1311 132 31 gauche.)

1790 1341 37 24 M.
1840 1343 22 22 A
1866 1343 83 24 Hard
1964 1349 54 25 par
2032 1344 64 26 voie
2111 1344 244 29 d'amendement,
2370 1346 146 26 demande

1760 1371 28 25 la
1809 1372 189 30 suppression
2018 1378 71 26 pure
2107 1375 30 24 et
2154 1374 105 32 simple
2278 1376 39 25 du
2336 1376 108 31 budget
2464 1369 53 33 des

1760 1401 102 26 cultes.

1791 1431 24 26 Il
1829 1432 121 26 sollicite
1964 1433 28 26 le
2005 1436 66 25 vote
2085 1434 35 26 de
2134 1434 29 26 la
2177 1435 135 32 majorité
2325 1442 115 21 comme
2456 1443 58 20 une

1760 1461 158 27 indication
1937 1463 18 24 à
1970 1462 114 27 donner
2101 1470 37 19 au
2158 1468 230 28 gouvernement
2404 1469 30 23 et
2452 1468 19 23 à
2488 1467 29 25 la

1759 1491 196 27 Commission
1977 1494 124 31 chargée
2125 1495 178 27 d'examiner
2326 1497 28 24 la
2379 1497 136 31 question

1758 1521 37 26 de
1808 1522 30 25 la
1851 1523 166 32 séparation
2034 1525 36 25 de
2084 1525 116 31 l'Eglise
2221 1528 30 24 et
2264 1527 36 25 de
2314 1526 92 27 l'Etat.

1789 1552 231 31 Dernièrement,
2036 1555 29 25 le
2077 1555 151 31 président
2241 1557 39 26 du
2298 1557 114 27 Conseil
2426 1557 88 26 disait

1760 1587 56 27 que
1830 1583 27 25 le
1879 1586 232 30 gouvernement
2129 1587 30 23 et
2176 1586 29 24 la
2232 1586 143 25 Chambre
2400 1587 116 25 avaient

1759 1617 60 20 une
1834 1618 99 21 oeuvre
1947 1614 20 24 à
1979 1614 131 26 achever.

1789 1642 74 27 Non,
1883 1643 62 25 rien
1968 1645 73 24 n'est
2059 1645 60 27 fait,
2141 1645 20 25 il
2181 1646 46 29 n'y
2249 1652 18 20 a
2289 1653 52 24 pas
2360 1647 97 26 même
2471 1654 41 19 un

1758 1675 262 26 commencement,
2039 1675 30 24 et
2090 1674 27 24 le
2137 1674 125 32 premier
2282 1678 64 23 acte
2368 1670 60 31 doit
2447 1683 65 19 con-

1759 1701 88 27 sister
1864 1709 17 17 a
1902 1709 100 20 cesser
2015 1703 36 26 de
2069 1704 229 27 subventionner
2317 1707 43 25 les
2375 1707 137 26 ennemis

1758 1725 37 32 de
1803 1732 93 26 l'Etat.

1789 1762 44 26 On
1847 1762 58 28 crie
1925 1770 57 26 que
2000 1764 44 26 les
2062 1765 128 26 Jésuites
2203 1767 30 24 et
2239 1768 100 25 autres
2352 1767 163 31 Congréga-

1758 1793 77 24 tions
1854 1795 69 24 sont
1943 1793 173 32 dispersées,
2138 1796 30 26 et
2186 1796 44 26 les
2250 1797 95 26 écoles
2366 1797 148 27 cléricales

1759 1822 135 28 fermées,
1916 1824 74 25 mais
2010 1825 42 27 les
2070 1825 71 26 trois
2160 1828 100 29 quarts
2280 1833 31 20 se
2331 1830 137 24 rouvrent
2483 1830 28 24 et

1757 1859 39 18 on
1818 1859 134 21 annonce
1973 1855 67 32 qu'à
2066 1856 147 26 Marseille
2234 1858 30 25 18
2289 1858 36 25 de
2343 1864 49 20 ces
2413 1857 95 27 écoles

1756 1883 140 25 viennent
1920 1884 142 26 d'obtenir
2085 1891 41 20 un
2153 1886 108 29 sursis;
2275 1887 21 25 il
2322 1893 20 25 y
2361 1893 18 19 a
2403 1887 29 26 là
2454 1894 59 20 une

1756 1912 166 32 déplorable
1934 1914 146 28 faiblesse.

1787 1943 37 25 M.
1837 1944 147 26 Combes.
1998 1958 31 6 —
2046 1947 56 24 Les
2118 1946 105 26 locaux
2240 1949 190 29 manquaient
2443 1954 72 26 pour

1756 1974 132 24 recevoir
1899 1974 43 27 les
1956 1975 104 29 élèves,
2068 1975 51 32 j'ai
2138 1976 97 27 donné
2251 1977 103 27 l'ordre
2368 1984 39 20 au
2422 1978 92 32 préfet

1757 2002 36 26 de
1809 2005 105 25 mettre
1927 2005 29 25 la
1966 2011 156 21 commune
2129 2005 37 27 de
2176 2007 145 26 Marseille
2329 2014 36 19 en
2376 2008 138 27 demeure

1757 2033 187 33 d'aménager
1970 2042 71 19 sans
2064 2035 96 27 retard
2182 2036 43 25 les
2250 2038 147 27 nouvelles
2420 2039 95 26 écoles

1757 2063 113 33 laïques
1884 2066 191 26 nécessaires.

1793 2095 31 37 M.
1847 2096 119 24 Allard.
1984 2109 30 6 —
2031 2097 68 30 Moi,
2116 2097 27 32 je
2161 2097 63 26 suis
2242 2104 74 26 pour
2332 2098 30 27 la
2378 2100 138 34 politique

1758 2126 218 33 antireligieuse
1993 2134 71 24 pure
2081 2129 30 24 et
2125 2128 113 30 simple,
2245 2130 32 30 je
2292 2129 147 27 demande
2452 2132 19 24 à
2483 2131 30 25 la

1757 2155 137 30 majorité
1909 2157 36 24 de
1960 2157 149 26 l'affirmer
2121 2157 89 25 aussi.

1787 2185 44 24 Le
1858 2186 171 30 président
2053 2188 44 23 du
2124 2188 140 25 Conseil.
2283 2201 31 8 —
2340 2191 35 25 Je
2402 2191 60 30 prie
2483 2191 30 25 la

1756 2215 144 26 Chambre
1913 2217 139 25 d'écarter
2062 2218 229 25 l'amendement
2302 2219 38 26 de
2351 2220 38 25 M.
2403 2221 107 25 Allard.

1787 2246 148 26 Personne
1956 2247 44 27 ici,
2025 2252 53 32 pas
2101 2247 97 26 même
2216 2253 55 20 son
2289 2250 111 29 auteur,
2426 2257 37 19 ne
2478 2257 34 20 se

1757 2275 53 24 fait
1823 2275 118 27 illusion
1956 2282 51 20 sur
2027 2276 27 27 le
2072 2279 66 23 vote
2164 2277 49 30 qui
2231 2284 37 19 va
2280 2280 108 28 suivre;
2405 2281 45 25 les
2461 2281 48 26 ad-

1756 2304 144 27 versaires
1918 2306 62 25 s'en
1999 2306 185 32 empareront
2207 2313 72 24 pour
2296 2309 129 27 déclarer
2441 2306 68 37 qu'il

1755 2335 48 31 n'y
1816 2341 18 18 a
1848 2341 53 24 pas
1915 2336 74 25 dans
2003 2336 29 25 la
2044 2337 142 25 Chambre
2202 2337 36 27 de
2248 2339 133 30 majorité
2394 2346 72 25 pour
2479 2340 29 26 la

1756 2365 166 33 séparation
1935 2366 36 26 de
1978 2367 116 31 l'Eglise
2108 2369 30 24 et
2150 2367 37 26 de
2204 2368 92 26 l'Etat.

1786 2395 80 25 Cette
1882 2391 168 37 séparation
2068 2397 60 25 doit
2149 2397 61 26 être
2228 2399 137 31 précédée
2378 2400 37 27 de
2429 2402 77 25 deux

1756 2431 133 20 mesures
1909 2427 210 31 préparatoires
2140 2429 190 29 nécessaires,
2350 2430 29 26 la
2399 2430 108 27 dénon-

1756 2456 108 25 ciation
1882 2456 39 26 du
1940 2458 161 26 Concordat
2118 2460 30 24 et
2165 2458 238 28 l'établissement
2424 2462 86 25 d'une

1755 2486 36 25 loi
1809 2492 52 20 sur
1873 2486 28 27 la
1916 2489 89 30 police
2017 2489 52 25 des
2078 2489 100 25 cultes.

1786 2516 90 26 Toute
1895 2520 83 23 autre
1995 2519 132 26 manière
2143 2519 37 25 de
2201 2520 138 31 procéder
2356 2521 156 26 aboutirait

1755 2552 38 20 au
1806 2546 122 27 résultat
1941 2549 143 26 contraire
2094 2549 18 25 à
2127 2549 74 26 celui
2214 2550 86 32 qu'on
2311 2551 131 27 cherche.

1784 2577 29 24 M
1835 2577 117 39 Allard.
1963 2592 30 6 —
2006 2579 143 36 Pourquoi
2165 2580 218 37 préjugez-vous
2397 2581 39 27 du
2445 2583 67 27 vote

1754 2607 37 26 de
1807 2608 28 25 la
1849 2608 150 29 Chambre,
2016 2615 37 20 au
2074 2610 55 26 lieu
2147 2610 18 25 d
2174 2615 129 28 appuyer
2316 2611 37 27 de
2368 2613 80 25 votre
2461 2619 50 20 au-

1754 2637 85 27 torité
1854 2640 83 25 notre
1952 2641 196 30 proposition?

1785 2668 36 24 M.
1835 2668 175 33 Millevoye.
2026 2683 31 6 —
2069 2671 24 24 A
2104 2677 36 18 sa
2150 2671 89 31 place,
2252 2678 73 20 vous
2345 2673 88 25 feriez
2447 2675 64 24 tout

1755 2703 114 20 comme
1884 2699 39 25 lui
1932 2702 7 21 !
1953 2700 110 30 (Rires).

1785 2728 36 24 M.
1842 2730 119 24 Allard.
1986 2742 31 6 —
2038 2731 40 26 Le
2104 2731 111 27 scrutin
2236 2738 38 21 va
2295 2732 62 27 dire
2381 2739 38 20 au
2439 2740 71 25 pays

1754 2759 84 30 quels
1850 2761 68 23 sont
1932 2760 43 25 les
1988 2761 78 25 vrais
2079 2761 252 31 libres-penseurs.

1784 2789 38 23 M.
1835 2789 129 35 Deville.
1977 2790 19 34 —
2013 2790 36 34 Je
2060 2792 62 23 vais
2131 2792 149 29 expliquer
2295 2794 138 31 pourquoi
2445 2799 65 20 mes

1754 2818 76 24 amis
1854 2820 162 25 socialistes
2038 2821 30 25 et
2083 2821 57 24 moi
2155 2820 95 28 allons
2271 2824 80 24 voter
2364 2826 98 23 contre
2483 2823 26 26 le

1753 2848 110 31 budget
1875 2849 53 26 des
1942 2850 102 25 cultes.

1784 2878 36 24 M.
1840 2878 158 26 Gauthier
2010 2879 45 30 (de
2072 2881 129 32 Clagny).
2215 2894 31 7 —
2259 2882 76 26 C'est
2349 2888 85 26 parce
2451 2889 58 27 que

1753 2914 73 19 vous
1839 2914 87 22 savez
1939 2916 57 26 que
2007 2910 27 25 le
2047 2912 100 25 centre
2156 2913 100 25 votera
2270 2921 14 16 «
2298 2919 73 25 pour
2384 2922 23 17 ».

1787 2940 36 23 M.
1837 2940 129 25 Deville.
1983 2953 33 7 —
2032 2941 81 26 Nous
2134 2941 193 27 n'entendons
2348 2944 162 26 nullement

1752 2968 165 32 témoigner
1935 2977 115 20 aucune
2066 2971 133 26 défiance
2213 2979 40 20 au
2267 2976 240 28 gouvernement,

1754 2999 76 25 mais
1841 3001 146 31 exprimer
2005 3003 81 23 notre
2105 3002 97 34 espoir
2214 3008 57 26 que
2285 3003 29 25 la
2332 3003 176 27 démocratie

1754 3030 163 25 n'attendra
1944 3037 52 25 pas
2027 3030 205 27 indéfiniment
2264 3035 75 24 eette
2371 3033 134 27 réforme.

1753 3059 93 32 (Appl.
1862 3060 18 25 à
1894 3060 298 33 l'extrême-gauche.)

1797 3085 25 39 M.
1837 3091 192 25 Berthoulat
2041 3095 132 22 constate
2190 3100 57 25 que
2261 3094 39 25 M.
2321 3095 127 26 Combes
2461 3096 47 25 est

1753 3120 167 26 infiniment
1954 3122 68 35 plus
2054 3123 225 30 temporisateur
2312 3130 56 25 que
2399 3124 109 26 Fabius

1752 3149 154 26 Cunctator
1919 3152 110 29 (Rires),
2044 3154 29 23 et
2086 3152 112 26 déclare
2213 3153 154 26 s'abstenir

1783 3180 240 27 L'amendement
2063 3183 96 24 Allard
2190 3184 46 24 est
2275 3185 143 30 repoussé
2456 3190 53 27 par

1752 3211 61 24 312
1832 3212 66 25 voix
1913 3215 99 23 contre
2030 3212 64 27 205.

1783 3241 55 25 Les
1852 3241 146 33 chapitres
2008 3244 14 24 1
2037 3244 19 24 à
2065 3244 18 25 3
2096 3246 70 23 sont
2177 3245 132 31 adoptés.

1783 3271 42 25 An
1843 3272 128 31 chapitre
1990 3274 17 24 4
2023 3274 194 28 (traitements
2238 3275 53 24 des
2309 3276 198 31 archevêques

1753 3303 29 24 et
1796 3301 135 32 évêques)
1944 3304 36 24 M.
1998 3303 167 26 Constans
2183 3310 123 30 propose
2327 3312 58 18 une
2407 3306 100 26 réduc-

1752 3331 61 25 tion
1827 3332 36 24 de
1879 3333 43 24 100
1933 3335 106 25 francs,
2048 3335 17 23 à
2079 3334 66 24 titre
2159 3334 186 26 d'indication
2355 3341 38 19 en
2405 3336 102 25 faveur

1751 3361 38 25 de
1800 3362 31 24 la
1843 3362 166 31 séparation
2032 3363 36 25 de
2089 3364 114 29 l'Eglise
2224 3367 29 22 et
2270 3365 37 24 de
2330 3365 86 25 l'Etat
2430 3374 7 16 :
2462 3372 45 19 re-

1751 3392 109 30 poussé
1875 3398 51 24 par
1937 3393 62 24 277
2014 3394 65 23 voix
2093 3394 100 25 contre
2209 3395 70 24 186.

1782 3422 43 25 Au
1837 3421 130 33 chapitre
1983 3423 16 24 8
2012 3423 179 29 (allocations
2209 3430 58 20 aux
2280 3425 190 26 desservants
2480 3427 30 24 et

1752 3451 139 29 vicaires).
1907 3454 36 23 M.
1957 3454 145 24 Meunier
2111 3455 125 25 réclame
2249 3457 99 24 contre
2358 3456 43 25 les
2415 3457 94 30 dispo-

1752 3481 104 26 sitions
1871 3483 36 25 de
1919 3483 204 26 l'ordonnance
2145 3484 35 26 de
2204 3491 77 20 mars
2301 3486 62 25 1825
2383 3487 49 31 qui
2447 3493 61 24 per-

1751 3514 62 23 met
1826 3518 37 18 au
1879 3512 172 26 desservant
2064 3515 107 31 chargé
2191 3514 39 27 du
2248 3517 110 25 service
2371 3516 39 25 du
2429 3516 77 27 culte

1750 3542 76 25 dans
1837 3542 77 26 doux
1926 3549 172 20 communes
2116 3544 36 25 de
2168 3545 82 26 louer
2268 3546 19 25 à
2304 3552 55 19 son
2375 3546 86 31 profit
2481 3547 27 26 le

1751 3572 165 32 presbytère
1930 3574 36 24 de
1984 3574 72 24 celle
2074 3575 53 23 des
2144 3574 77 25 deux
2238 3582 173 19 communes
2431 3577 38 24 où
2486 3577 22 23 il

1751 3608 37 20 ne
1802 3603 95 25 réside
1912 3610 52 22 pas
1978 3603 250 25 habituellement.

1781 3632 36 24 M.
1831 3632 147 26 Combes.
1992 3646 31 6 —
2032 3633 46 25 Un
2089 3633 94 38 projet
2191 3633 38 26 de
2239 3635 100 25 décret
2345 3636 162 31 réglemen-

1749 3662 65 24 tant
1828 3662 27 25 la
1870 3664 134 30 question
2019 3669 35 19 va
2071 3663 61 26 être
2145 3663 232 27 incessamment
2392 3666 115 26 soumis

1750 3698 38 19 au
1818 3692 114 27 Conseil
1956 3693 101 25 d'Etat.
2087 3693 77 29 (Très
2189 3693 66 27 bien
2266 3695 8 23 !
2304 3695 19 25 à
2346 3695 161 26 l'extrême-

1749 3722 133 31 gauche.)

1782 3752 56 26 Les
1857 3752 131 27 derniers
2000 3753 146 38 chapitres
2165 3753 38 26 du
2220 3753 110 34 budget
2343 3755 53 26 des
2410 3755 99 27 Cultes

1749 3784 70 24 sont
1829 3783 123 36 adoptés
1962 3790 73 19 sans
2046 3779 97 30 débat.

1781 3812 45 26 On
1838 3818 99 20 arrrve
1949 3819 38 20 au

1903 3883 155 51 Budget
2075 3885 55 39 de
2149 3885 39 39 la
2202 3883 159 52 justice

1780 3969 38 25 M.
1841 3970 80 25 Vallé
1942 3973 47 23 est
2009 3971 114 28 absent,
2143 3978 33 20 ce
2195 3973 49 31 qui
2263 3974 167 31 n'empêche
2452 3979 56 27 pas

1749 3999 38 26 M.
1812 3999 146 30 Doumer,
1980 4007 38 20 au
2043 4007 52 20 no»
2132 4002 38 26 de
2191 4003 29 24 la
2245 4004 196 25 Commission
2468 4005 40 25 du

1750 4030 117 32 budget,
1881 4031 38 26 de
1936 4032 161 26 demander
2114 4039 57 25 que
2188 4033 30 25 la
2234 4035 109 25 séance
2359 4035 147 26 continue.

1780 4061 44 26 On
1838 4062 136 29 proteste,
1988 4069 39 18 on
2041 4063 66 26 crie,
2122 4069 39 19 on
2174 4063 127 27 réclame
2315 4065 29 25 le
2358 4065 147 28 ministre,

1750 4091 30 26 et
1791 4090 172 26 finalement
1975 4091 27 26 le
2015 4092 89 25 débat
2115 4093 133 31 reprend.

1780 4121 36 24 M.
1839 4121 132 26 Mirman
1993 4122 135 32 présente
2150 4123 130 27 diverses
2304 4125 204 26 observations

1750 4157 52 20 sur
1817 4152 190 31 l'application
2015 4153 35 25 de
2064 4153 29 25 la
2101 4154 39 24 loi
2153 4154 118 25 relative
2286 4162 59 19 aux
2357 4156 149 25 accidents

1749 4181 42 25 du
1805 4182 112 24 travail.

1777 4212 39 23 M.
1844 4211 196 31 Lepelletier
2065 4213 133 26 voudrait
2224 4214 112 26 étudier
2362 4215 143 26 certaines

1750 4240 153 29 réformes,
1915 4243 154 25 extension
2078 4242 37 26 de
2124 4243 28 24 la
2159 4244 187 31 compétence
2356 4245 52 25 des
2416 4245 90 32 juges

1749 4270 37 27 de
1801 4271 74 32 paix,
1885 4273 189 38 suppression
2081 4274 53 25 des
2145 4273 155 28 tribunaux
2310 4281 72 20 sans
2391 4281 115 23 causes,

1749 4301 174 27 diminution
1937 4304 52 25 des
2004 4305 70 24 frais
2087 4305 37 24 de
2135 4305 117 29 justice,
2266 4307 55 23 etc.

1780 4331 76 26 Mais
1878 4332 195 27 Commission
2100 4334 29 25 et
2151 4336 231 29 gouvernement
2407 4337 52 24 ont
2481 4337 27 24 si

1749 4361 111 32 grande
1883 4362 68 27 hâte
1974 4363 108 26 d'avoir
2102 4364 63 25 leur
2187 4363 117 33 budget,
2329 4365 68 31 qu'il
2420 4367 47 24 est
2489 4366 20 25 A

1750 4392 85 30 peine
1848 4393 128 30 possible
1986 4393 184 26 d'énumérer
2182 4394 44 25 les
2241 4401 88 19 voeux
2346 4397 31 24 et
2388 4395 121 26 besoins

1749 4426 40 21 au
1807 4428 79 26 pays.

1781 4452 42 25 La
1836 4453 78 25 suite
1925 4454 41 25 du
1984 4454 88 25 débat
2089 4456 47 24 est
2148 4456 145 31 renvoyée
2314 4456 20 24 à
2346 4455 119 26 demain
2477 4457 31 26 et

1761 4489 20 18 a
1792 4482 107 27 séance
1912 4485 46 23 est
1971 4483 80 26 levée
2066 4484 18 25 à
2095 4483 17 25 7
2125 4483 28 27 h.
2168 4484 40 26 25.

1750 4580 295 62 MACHINATION
2066 4583 161 59 CONTRE
2256 4582 59 61 DN
2342 4574 165 71 PRETRE

1784 4727 88 28 Nous
1886 4734 100 22 avons
1995 4728 126 27 raconté
2133 4727 151 29 l'odieuse
2294 4729 213 28 machination

1750 4761 77 29 dont
1839 4767 46 21 un
1903 4762 102 34 prêtre
2022 4761 44 28 du
2083 4761 126 28 diocèse
2227 4762 38 28 de
2279 4762 126 28 Vannes
2423 4763 84 27 avait

1750 4795 49 29 été
1812 4794 128 30 victime
1954 4795 41 30 de
2006 4795 30 30 la
2049 4797 68 34 part
2135 4795 44 30 du
2189 4795 80 37 juge
2287 4796 219 30 d'instruction

1750 4830 38 29 de
1802 4829 134 29 Lorient.

1782 4863 50 29 Un
1853 4863 122 30 dossier
1996 4866 110 31 secret,
2127 4864 55 28 fait
2203 4864 39 28 de
2263 4865 238 29 dénonciations

1749 4905 183 28 anonymes,
1944 4899 84 28 avait
2043 4898 48 29 été
2106 4899 157 29 constitué
2275 4907 54 28 par
2344 4907 36 21 ce
2392 4901 113 35 magis-

1749 4934 62 25 trat
1829 4940 78 27 pour
1921 4935 65 26 être
2000 4933 220 37 communiqué
2232 4934 212 37 auxjugesdu
2453 4935 53 27 tri-

1749 4967 97 28 bunal
1865 4968 19 27 à
1900 4969 94 27 l'insu
2012 4969 43 28 du
2074 4969 102 33 prêtre
2195 4970 125 33 inculpé
2339 4973 32 24 et
2389 4970 39 27 de
2446 4977 60 20 son

1749 5003 121 27 avocat.
1878 5002 138 33 Celui-ci,
2027 5003 42 27 Me
2079 5002 76 36 Bily,
2165 5004 103 34 apprit
2276 5003 179 36 l'existence
2466 5003 40 29 de

1750 5043 54 21 ces
1818 5035 103 36 pièces
1934 5044 56 28 par
2003 5044 64 20 une
2083 5038 87 27 lettre
2184 5036 95 29 écrite
2293 5045 41 20 au
2347 5038 160 35 président

1750 5077 57 36 par
1825 5070 30 28 le
1872 5071 152 28 substitut
2044 5071 43 28 du
2108 5078 172 29 procureur
2299 5072 38 28 de
2358 5072 29 28 la
2404 5072 101 35 Répu-

1750 5099 108 41 blique
1880 5107 31 27 et
1932 5105 113 29 laissée
2066 5105 79 29 dans
2168 5105 30 29 le
2220 5105 124 30 dossier
2363 5114 58 27 par
2442 5106 64 29 mé-

1750 5139 107 34 garde.
1872 5139 43 28 M®
1935 5139 67 35 Bily
2016 5139 154 28 demanda
2184 5147 41 20 au
2243 5140 138 28 tribunal
2396 5140 29 28 la
2439 5140 68 29 nul-

1750 5172 53 29 lité
1817 5173 39 28 de
1870 5172 231 30 l'information.

1784 5209 45 27 Le
1836 5209 139 27 tribunal
1989 5211 39 25 de
2044 5211 126 26 Lorient
2182 5217 41 20 ne
2238 5211 112 26 voulut
2366 5218 57 27 pas
2436 5219 70 33 pro-

1749 5249 118 21 noncer
1884 5245 80 26 cette
1983 5242 119 28 nullité,
2120 5244 33 28 et
2171 5243 90 37 appel
2280 5243 49 37 fut
2345 5244 104 29 releve
2466 5244 41 30 de

1749 5283 37 22 ce
1795 5277 177 35 jugement.

1784 5311 46 29 La
1848 5312 83 28 Cour
1953 5312 39 28 de
2012 5312 126 29 Rennes
2159 5320 20 20 a
2199 5314 110 33 rendu,
2331 5314 79 33 hier,
2431 5314 18 27 à
2470 5321 37 21 ce

1749 5345 94 34 sujet,
1856 5345 102 28 l'arrêt
1966 5346 128 28 suivant
2105 5346 54 35 qui
2170 5349 64 26 met
2243 5347 72 28 bien
2326 5355 39 20 en
2375 5348 131 28 lumière

1750 5381 32 28 et
1795 5379 95 29 flétrit
1902 5380 46 29 les
1959 5380 150 36 procédés
2126 5381 160 36 employés
2299 5390 56 28 par
2369 5382 46 28 les
2429 5390 78 21 nou-

1750 5421 104 22 veaux
1868 5415 180 35 magistrats
2060 5415 39 28 de
2112 5415 73 28 MM.
2197 5416 135 28 Combes
2346 5416 35 28 et
2387 5416 85 35 Vallée
2497 5425 8 19 :

1780 5465 40 32 En
1835 5465 81 32 droit,
1930 5467 187 25 considérant
2129 5466 116 32 quedes
2253 5468 255 30 renseignements

1750 5500 218 26 officiellement
1981 5500 160 27 demandés
2160 5507 51 25 par
2227 5502 27 26 le
2268 5502 71 33 juge
2358 5502 148 26 d'instruc-

1749 5535 62 25 tion
1825 5536 19 24 à
1854 5542 41 19 un
1908 5536 110 26 officier
2029 5536 36 26 de
2078 5536 91 31 police
2185 5536 152 31 judiciaire
2351 5539 30 24 et
2395 5536 111 26 relatifs

1750 5569 231 26 exclusivement
1993 5571 20 23 à
2025 5570 128 27 l'affaire,
2162 5570 81 30 objet
2254 5571 37 25 de
2304 5571 29 24 la
2348 5572 158 30 poursuite,

1750 5603 118 26 doivent
1881 5603 61 27 être
1952 5604 93 31 joints
2057 5605 19 25 à
2090 5605 30 24 la
2133 5604 157 32 procédure
2297 5613 7 20 ;
2319 5611 57 26 que
2391 5605 30 28 le
2435 5605 73 32 juge

1751 5638 200 25 d'instruction
1965 5639 47 25 n'a
2026 5645 52 25 pas
2094 5639 28 25 le
2135 5639 76 25 droit
2226 5640 67 25 d'en
2304 5640 71 25 faire
2389 5646 41 19 un
2443 5640 65 25 dos-

1750 5673 60 25 sier
1824 5673 196 27 confidentiel,
2034 5680 60 19 non
2111 5675 85 24 versò
2209 5680 38 20 au
2260 5675 114 25 dossier
2387 5674 120 32 général

1750 5708 31 25 et
1791 5707 90 24 remis
1896 5714 37 19 au
1953 5707 151 26 ministère
2123 5708 106 30 public;
2245 5709 85 30 qu'en
2349 5708 159 26 communi-

1750 5742 93 30 quant
1863 5741 196 26 secrètement
2078 5747 34 20 ce
2135 5741 113 26 dossier
2266 5742 186 26 confidentiel
2471 5748 38 20 au

1751 5775 149 32 président
1911 5776 40 25 du
1959 5776 136 26 tribunal,
2110 5776 27 25 le
2148 5778 135 30 parquet
2296 5777 37 25 de
2347 5776 128 27 Lorient
2487 5782 23 19 a

1750 5808 264 33 singulièrement
2037 5810 62 25 mis
2122 5816 39 22 en
2180 5809 136 28 lumière
2337 5811 27 25 le
2386 5811 123 31 danger

1750 5845 30 25 et
1789 5845 148 25 accentué
1950 5844 33 26 la
1996 5843 124 33 gravité
2130 5845 37 25 de
2184 5844 233 34 l'irrégularité
2429 5851 78 19 com-

1751 5879 80 24 mise
1839 5885 64 25 par
1918 5879 27 26 le
1952 5877 80 33 juge
2044 5878 215 34 d'instruction
2270 5878 13 34 ;

1782 5912 61 29 Que
1857 5912 27 26 le
1898 5913 53 25 fait
1964 5913 37 25 de
2014 5914 159 24 soustraire
2187 5919 49 23 ces
2250 5914 97 31 pièces
2361 5914 20 25 A
2401 5914 30 25 la
2445 5919 64 27 pro-

1751 5946 106 26 cédure
1876 5946 95 27 devait
1988 5947 80 25 avoir
2081 5947 250 27 nécessairement
2355 5954 71 26 pour
2444 5954 64 20 con-

1751 5981 146 32 séquence
1918 5983 36 24 de
1968 5982 105 26 rendre
2087 5982 174 31 incomplète
2281 5984 81 23 toute
2379 5989 131 19 commu-

1752 6016 126 25 nication
1894 6016 37 25 de
1944 6018 76 24 cette
2034 6016 157 31 procédure
2213 6022 39 19 au
2272 6016 165 28 défenseur,
2453 6016 57 25 soit

1752 6056 38 19 au
1803 6055 85 20 cours
1910 6050 36 25 de
1969 6050 216 27 l'information,
2201 6051 57 25 soit
2280 6051 85 31 après
2388 6050 121 26 l'ordon-

1752 6090 93 20 nanee
1859 6084 39 26 de
1907 6085 100 25 renvoi
2016 6092 8 22 ;
2035 6086 107 31 qu'une
2156 6086 118 30 pareille
2288 6085 130 25 décision
2431 6086 80 30 porte

1753 6124 58 21 une
1835 6125 88 25 grave
1947 6119 121 26 atteinte
2094 6125 38 20 au
2151 6119 75 25 droit
2246 6120 36 25 de
2304 6120 28 24 la
2346 6119 121 26 défense
2481 6120 30 24 et

1752 6155 145 24 constitue
1905 6160 56 19 une
1973 6153 36 25 de
2021 6159 49 19 ces
2082 6153 198 32 irrégularités
2292 6153 218 26 substantielles

1752 6188 49 33 qui
1823 6189 169 25 entraînent
2004 6187 30 26 la
2052 6194 122 20 mesure
2197 6187 212 35 illégalement
2422 6188 89 33 prise

1751 6224 31 25 et
1794 6223 38 25 de
1842 6224 68 25 tous
1923 6223 44 26 les
1981 6224 81 24 actes
2075 6223 49 32 qui
2138 6222 71 27 l'ont
2223 6223 84 27 suivi.

1783 6292 57 27 Par
1851 6298 50 21 ces
1916 6293 110 28 motifs,
2039 6294 29 25 la
2081 6294 75 26 Cour
2170 6295 109 26 annale
2349 6293 43 27 dit
2413 6299 56 27 qne
2483 6293 30 27 le

1754 6327 113 26 dossier
1879 6328 185 26 confidentiel
2079 6334 68 20 sera
2155 6328 78 31 joint
2245 6335 39 20 au
2295 6329 115 26 dossier
2424 6328 87 32 géné-

1753 6361 44 26 ral
1807 6368 7 21 ;
1829 6361 147 33 évoquant
1995 6362 117 27 renvoie
2126 6362 119 28 l'affaire
2259 6364 19 25 à
2293 6364 160 25 l'audience
2471 6362 40 26 du

1754 6397 37 24 1er
1802 6395 156 27 décembre
1970 6403 72 28 pour
2054 6399 113 25 statuer
2181 6403 52 22 sur
2245 6398 28 26 le
2287 6398 78 26 fond.

1909 6465 446 47 L'AGITATION

1750 6544 127 53 «outre
1916 6535 57 61 les
2010 6535 169 61 bureaux
2222 6535 45 62 de
2306 6534 207 73 placement

1787 6667 95 29 Trois
1897 6669 154 34 meetings
2067 6669 38 29 de
2119 6668 191 37 boulangers
2326 6672 55 26 ont
2395 6678 39 22 eu
2449 6671 64 28 liera

1755 6709 38 20 ce
1811 6703 106 32 matin,
1937 6703 19 27 â
1976 6704 30 26 ia
2028 6703 120 29 Bourse
2167 6703 44 30 du
2232 6703 122 35 travail,
2376 6705 18 28 à
2416 6705 98 29 Saint-

1755 6736 98 30 Denis
1868 6738 31 28 et
1911 6745 19 20 a
1942 6737 186 31 Vincennes.

2616 296 94 29 Est-il
2723 297 177 30 nécessaire
2918 299 39 29 de
2976 299 67 29 dire
3056 307 63 27 que
3136 301 29 28 le
3185 303 73 28 vote
3280 310 56 28 par

2582 329 30 29 la
2623 330 155 30 Chambre
2791 332 44 29 du
2849 333 101 35 projet
2966 333 162 30 Chambon
3146 343 19 20 a
3189 335 55 30 fait
3263 338 73 29 tous

2581 365 46 27 les
2649 366 75 27 frais
2742 366 38 27 de
2804 374 54 21 ces
2884 366 147 32 réunions
3042 366 13 32 ?
3073 370 60 28 Les
3160 370 173 29 intéressés

2581 400 72 27 sont
2664 398 63 29 loin
2741 399 95 30 d'être
2854 403 162 27 satisfaits.
3036 403 87 30 Ceux
3142 404 55 39 qui
3217 404 117 29 étaient

2580 434 184 31 assemblés,
2780 442 40 21 au
2838 437 131 28 nombre
2983 436 74 29 d'un
3076 437 123 33 millier,
3212 439 79 29 dans
3306 440 30 27 la

2579 468 120 35 grande
2720 469 77 28 salle
2817 469 39 28 de
2881 470 32 29 la
2934 472 119 28 Bourse
3071 472 43 28 du
3135 474 121 31 travail,
3280 475 55 26 ont

2579 502 140 34 exprimé
2727 503 67 27 leur
2805 505 283 29 mécontentement
3097 506 80 29 dans
3186 514 44 21 un
3240 508 92 29 ordre

2581 535 43 27 du
2644 536 74 33 jour
2745 538 53 33 qui
2820 538 129 35 indique
2983 540 93 27 d'une
3104 540 138 30 manière
3264 542 65 27 très

2577 571 84 26 nette
2671 577 62 27 que
2743 570 13 35 l'
2762 571 149 34 agitation
2927 575 48 26 est
2988 572 64 30 loin
3065 574 95 27 d'être
3170 575 160 28 terminée.

2577 602 86 29 Voici
2677 611 35 20 ce
2726 604 168 29 document
2904 607 198 35 significatif:

2608 650 56 26 Les
2677 651 130 25 ouvriers
2819 652 185 32 boulangers,
3010 655 86 33 après
3111 655 79 26 avoir
3204 657 127 25 entendu

2577 683 43 26 les
2631 685 172 26 camarades
2816 686 92 27 Linon
2923 689 31 24 et
2970 688 128 29 Sourzot,
3113 689 170 27 conseillera
3295 691 37 25 de

2577 719 29 25 la
2623 719 144 27 Chambre
2787 721 149 31 syndicale
2952 723 52 26 des
3021 723 177 33 boulangers
3213 731 8 22 ;
3244 726 87 26 Pour-

2576 753 75 29 chet,
2678 754 121 33 délégué
2825 756 52 26 des
2904 756 175 35 boulangers
3106 759 36 26 de
3172 755 138 37 Marseille
3319 755 11 37 ;

2576 789 163 27 Couchoud.
2754 790 38 24 du
2806 791 135 30 Syndicat
2955 792 52 25 des
3021 792 203 29 limonadiers;
3243 796 88 23 Beau-

2576 823 92 27 soleil,
2683 823 38 27 du
2734 824 135 31 Syndicat
2883 825 52 26 des
2954 827 147 30 employés
3113 834 8 20 ;
3137 828 84 30 Lévy,
3240 829 91 24 secré-

2575 857 73 24 taire
2662 856 36 26 de
2715 857 28 25 la
2761 857 170 27 Fédération
2944 859 53 26 des
3015 860 125 25 Bourses
3153 860 39 25 du
3213 861 115 29 travail,

2575 892 31 23 et
2619 891 34 32 La
2665 891 84 32 porte,
2763 893 153 25 secrétaire
2930 893 37 26 de
2980 893 28 26 la
3021 894 196 26 Commission
3239 895 91 27 admi-

2575 926 150 26 nistrative
2738 927 37 25 de
2787 928 30 23 la
2829 929 110 25 Bourse
2949 929 40 25 du
3003 930 113 28 travail,

2606 959 138 27 Décident
2766 961 37 25 de
2822 961 151 27 continuer
2999 963 30 26 la
3051 963 72 26 lutte
3144 969 73 20 sans
3239 965 89 25 merci

2574 995 100 25 contre
2687 995 42 25 les
2741 995 131 26 bureaux
2885 995 37 27 de
2934 997 164 32 placement
3109 1005 7 22 ;

2604 1029 190 27 Considèrent
2806 1029 28 26 le
2844 1030 93 32 projet
2950 1032 151 25 Chambon
3113 1038 116 21 comme
3250 1034 79 27 inac-

2573 1064 143 32 ceptable;

2603 1097 115 26 Vouent
2732 1099 18 24 à
2770 1099 200 30 l'indignation
2987 1100 38 25 du
3043 1101 167 30 prolétariat
3224 1101 43 26 les
3281 1102 47 25 dé-

2574 1131 84 33 putés
2671 1131 38 26 du
2724 1140 14 15 «
2750 1132 63 26 bloc
2827 1140 12 14 »
2855 1132 154 33 bourgeois
3027 1133 58 32 qui,
3103 1135 225 25 reconnaissant

2574 1165 136 26 l'infamie
2738 1166 52 26 des
2816 1167 131 27 bureaux
2972 1170 37 25 de
3033 1169 176 32 placement,
3235 1171 92 24 main-

2571 1200 133 27 tiennent
2719 1207 103 21 encore
2836 1202 129 31 pendant
2973 1204 65 32 cinq
3049 1209 111 20 années
3175 1203 28 25 la
3218 1204 108 26 misère

2571 1235 70 26 chez
2661 1236 43 26 les
2722 1237 129 26 ouvriers
2869 1238 29 25 et
2916 1238 123 27 tolèrent
3061 1238 27 27 le
3104 1238 46 26 vol
3165 1239 30 25 et
3214 1237 112 28 l'escro-

2571 1272 99 31 querie
2682 1271 36 27 de
2729 1271 31 26 la
2771 1274 63 29 part
2846 1272 53 26 des
2913 1274 145 30 placeurs;

2602 1305 200 27 Préconisent
2816 1307 32 25 la
2866 1307 91 31 grive
2973 1306 143 33 générale
3131 1309 29 24 et
3179 1308 148 27 décident

2572 1340 196 33 d'appliquer
2783 1342 104 25 contre
2904 1342 42 26 les
2964 1342 144 31 placeurs
3126 1341 127 27 l'action
3277 1343 48 26 di-

2572 1376 80 25 recte
2667 1374 80 27 dans
2761 1376 83 26 toute
2857 1382 36 18 sa
2906 1375 149 33 rigueur;

2602 1410 36 25 Se
2666 1412 137 28 separent
2829 1415 37 20 en
2893 1412 161 30 protestant
3081 1412 98 25 contre
3213 1412 27 25 le
3261 1414 66 24 vote

2571 1444 110 25 infâme
2692 1444 36 25 de
2745 1444 29 25 la
2787 1443 143 27 Chambre
2945 1446 29 24 et
2987 1447 176 29 promettent
3174 1451 56 26 que
3244 1447 26 25 si
3282 1446 44 25 les

2572 1479 131 33 placeurs
2717 1484 38 20 ne
2771 1480 70 23 sont
2857 1484 54 26 pas
2929 1480 174 31 supprimés,
3117 1480 38 25 ils
3172 1480 45 25 les
3231 1479 96 27 feront

2569 1513 172 32 disparaître
2754 1519 53 25 par
2819 1514 66 24 tous
2898 1515 44 24 les
2956 1520 131 26 moyens.

2604 1557 26 28 Il
2652 1563 42 23 ne
2710 1557 67 28 faut
2799 1563 74 21 sans
2900 1558 94 28 doute
3016 1565 55 28 pas
3097 1558 140 29 attacher
3260 1566 63 21 une

2570 1591 193 35 importance
2773 1589 153 37 exagérée
2939 1590 15 29 à
2971 1590 51 37 cet
3034 1591 91 29 ordre
3145 1592 43 28 du
3205 1591 75 34 jour
3293 1594 31 26 et

2571 1632 42 22 en
2622 1624 146 30 conclure
2777 1632 61 28 que
2852 1624 29 28 la
2891 1625 97 36 grève
3001 1625 146 37 générale
3158 1633 41 20 va
3211 1625 114 30 éclater

2571 1659 78 29 dans
2663 1659 84 27 deux
2760 1665 42 21 ou
2821 1659 77 27 trois
2914 1659 101 34 jours.
3038 1659 190 35 Cependant,
3249 1660 76 29 c'est

2571 1700 63 22 une
2647 1692 170 28 indication
2828 1692 152 29 sérieuse.

2605 1728 59 28 Sur
2675 1729 80 26 cette
2767 1729 146 33 question
2925 1728 286 36 particulièrement
3224 1736 99 27 grave

2570 1762 39 28 de
2621 1762 29 28 la
2664 1762 96 35 grève
2771 1761 156 36 générale,
2933 1761 54 36 j'ai
3001 1763 76 28 tenu
3092 1762 18 28 à
3124 1762 163 29 interview
3297 1771 27 19 >r

2571 1796 28 29 le
2613 1797 120 35 citoyen
2746 1795 199 34 Griffuelhes,
2960 1796 166 29 secrétaire
3140 1797 39 28 de
3195 1797 29 28 la
3245 1799 78 27 Con-

2570 1830 170 30 fédération
2757 1830 145 36 générale
2920 1831 42 29 du
2981 1832 119 27 travail.
3116 1832 45 28 On
3180 1832 62 28 sait
3260 1840 62 28 que

2569 1866 75 28 c'est
2658 1867 77 26 cette
2749 1865 213 35 organisation
2981 1866 264 29 révolutionnaire
3268 1867 54 35 qui

2568 1907 20 22 a
2610 1901 65 34 pris
2697 1900 29 28 la
2741 1900 151 28 direction
2907 1900 43 28 du
2966 1902 201 27 mouvement
3179 1907 10 23 ;
3204 1910 15 16 «
3234 1901 89 30 Nous

2569 1935 130 28 n'avons
2712 1942 113 20 encore
2839 1934 65 35 pris
2913 1942 122 21 aucune
3047 1934 149 33 décision,
3204 1935 118 28 m'a-t-il

2568 1967 152 38 répondu,
2742 1975 78 28 pour
2840 1969 79 28 cette
2939 1969 171 29 excellente
3136 1969 105 29 raison
3260 1977 62 28 que

2569 2003 74 28 c'est
2665 2002 175 29 seulement
2859 2010 37 20 ce
2918 2004 74 33 soir,
3005 2003 19 28 à
3036 2004 19 27 5
3070 2004 125 32 heures,
3209 2011 62 28 que
3294 2006 29 27 la

2568 2037 209 29 Commission
2790 2037 163 29 exécutive
2963 2045 36 22 se
3010 2038 105 29 réunit
3126 2045 79 28 pour
3217 2040 105 29 aviser

2568 2079 64 23 aux
2644 2079 144 23 mesures
2801 2072 19 28 à
2831 2073 142 35 prendre.

2602 2122 35 7 —
2650 2107 125 34 Quelles
2786 2106 192 31 résolutions
2991 2109 108 28 seront
3109 2107 134 36 arrêtées
3256 2108 15 35 ?

2602 2141 122 29 —Vous
2731 2142 27 28 le
2765 2148 113 22 saurez
2883 2141 18 29 à
2905 2142 233 34 temps.Sachez
3146 2143 176 28 seulement

2567 2183 63 28 que
2643 2179 89 24 notre
2743 2176 126 34 énergie
2882 2183 72 21 sera
2965 2182 21 20 à
2999 2176 30 27 la
3042 2177 136 27 hauteur
3192 2176 57 29 des
3263 2177 59 28 cir-

2568 2212 184 26 constances
2765 2219 27 18 ».

2601 2245 45 29 La
2656 2245 96 28 sortie
2772 2244 44 28 du
2832 2246 138 35 meeting
2985 2245 76 29 s'est
3078 2244 151 29 effectuée
3241 2245 80 30 dans

2568 2279 29 27 le
2609 2279 73 34 plus
2694 2278 101 36 grand
2808 2278 109 29 calme.

2602 2315 60 26 Les
2691 2312 199 35 précautions
2922 2313 39 29 de
2992 2313 100 36 police
3123 2313 115 28 étaient
3273 2314 47 28 les

2567 2348 120 28 mêmes
2711 2347 116 35 qu'aux
2853 2347 204 35 précédentes
3083 2348 152 29 réunions
3256 2356 8 19 :
3292 2348 29 36 A

2567 2382 100 28 droite
2680 2383 32 27 et
2723 2387 19 22 à
2754 2382 124 36 gauche
2897 2383 40 28 de
2950 2382 126 29 l'entrée
3092 2383 41 29 de
3147 2383 28 27 la
3189 2383 129 33 Bourse,

2567 2417 56 28 des
2636 2419 113 32 agents
2760 2419 31 25 et
2803 2416 57 29 des
2876 2417 203 35 municipaux
3093 2417 19 27 à
3123 2416 72 35 pied
3204 2425 8 24 ;
3222 2423 56 23 sur
3292 2417 29 27 le

2567 2451 171 28 boulevard
2751 2452 155 34 Magenta,
2921 2451 30 29 la
2963 2452 98 34 garde
3073 2451 19 28 à
3105 2452 122 27 cheval.
3243 2451 79 29 Mais

2567 2493 52 21 ces
2635 2486 99 28 forces
2745 2488 56 25 ont
2814 2485 49 28 été
2874 2486 245 28 heureusement
3135 2486 137 29 inutiles.

2600 2521 128 28 Pourvu
2747 2527 63 28 que
2827 2527 36 21 ce
2883 2520 100 29 calme
3005 2528 41 21 ne
3067 2521 63 28 soit
3149 2527 57 29 pas
3227 2522 92 27 trom-

2566 2555 69 34 peur
2642 2555 53 34 !...

3087 2590 37 29 A.
3137 2591 112 29 JANNE.

2602 2707 107 53 LES
2748 2697 539 65 SÉCULARISATIONS

2794 2838 34 26 A
2849 2839 241 26 MARSEILLE

2595 2884 41 25 Le
2646 2883 127 26 tribunal
2781 2884 207 26 correctionnel
2996 2884 38 25 de
3045 2884 146 26 Marseille
3203 2890 19 19 a
3231 2885 93 25 rendu

2564 2918 63 26 hier
2638 2924 56 20 son
2703 2919 156 31 jugement
2866 2918 75 26 dans
2951 2919 42 25 les
3003 2919 164 30 poursuites
3178 2919 145 26 intentées

2563 2955 100 24 contre
2679 2953 43 26 les
2735 2954 104 25 Frères
2857 2953 36 25 de
2909 2952 250 28 Saint-Genis-Lav
3160 2952 38 28 al,,
3210 2953 114 26 Gendre

2564 2989 29 24 et
2613 2987 133 28 Boisson,
2765 2989 30 23 et
2815 2988 27 24 le
2863 2988 186 30 propriétaire
3073 2987 36 25 de
3136 2987 186 29 l'immeuble,

2563 3022 39 25 M.
2618 3022 119 31 Duport,
2750 3027 39 20 en
2802 3023 82 23 verta
2903 3026 36 21 de
2961 3022 29 25 la
3003 3022 38 25 loi
3055 3027 51 20 sur
3130 3021 43 25 les
3194 3023 126 24 associa-

2563 3056 86 25 tions.

2598 3091 53 26 Les
2670 3091 40 26 Fr
2734 3092 114 25 Gendre
2867 3093 29 24 et
2913 3092 133 27 Boisson,
3060 3091 88 30 après
3167 3091 85 26 s'être
3270 3092 53 24 fait

2564 3125 182 28 séculariser,
2756 3126 117 24 avaient
2885 3125 137 26 continué
3030 3126 17 23 à
3056 3126 157 30 enseigner
3225 3125 17 25 à
3255 3126 67 24 Cas-

2564 3159 41 26 sis
2620 3159 74 25 dans
2708 3159 26 26 le
2749 3159 71 25 local
2837 3159 56 25 mis
2912 3159 139 25 autrefois
3067 3159 18 25 à
3101 3159 28 24 la
3147 3158 172 32 disposition

2563 3193 37 27 de
2615 3193 28 26 la
2655 3193 212 32 Congrégation
2881 3199 52 27 par
2951 3194 27 25 le
2995 3193 195 32 propriétaire.
3205 3193 37 27 M.
3256 3195 58 24 Du-

2563 3230 71 30 port,
2643 3228 148 32 président
2799 3229 37 25 de
2849 3228 194 27 l'association
3057 3228 125 31 agricole
3196 3228 39 26 du
3251 3228 69 27 Sud-

2563 3264 60 24 Est.

2594 3298 57 25 Par
2669 3298 37 26 de
2728 3298 61 25 très
2806 3298 85 31 longs
2909 3298 212 27 considérants,
3137 3298 27 25 le
3180 3296 138 30 tribunal,

2563 3334 166 25 contestant
2746 3332 28 24 la
2792 3332 222 25 sécularisation
3031 3332 53 25 dos
3101 3332 77 24 deux
3199 3332 120 24 anciens

2563 3367 241 31 congréganistes
2821 3367 30 24 et
2869 3368 125 23 mettant
3009 3371 37 19 en
3063 3366 88 24 doute
3172 3366 28 24 la
3220 3365 98 25 bonne

2563 3401 40 25 foi
2622 3401 141 30 invoquée
2781 3406 52 25 par
2851 3400 37 24 M.
2907 3401 117 30 Duport,
3044 3406 18 18 a
3084 3401 165 24 condamné
3276 3400 44 24 les

2562 3436 47 25 Fr.
2623 3435 115 26 Gendre
2755 3435 30 25 et
2798 3435 123 25 Boisson
2936 3436 18 23 à
2966 3435 32 24 50
3010 3435 98 24 francs
3120 3434 154 26 d'amende
3291 3435 31 25 et

2563 3470 38 26 M.
2615 3470 110 31 Duport
2737 3469 19 25 â
2765 3469 47 25 100
2821 3468 99 27 francs
2933 3468 163 27 d'amende.

2613 3583 96 44 LES
2737 3581 253 45 CAPUCINS
3020 3581 69 45 DU
3118 3581 143 45 MANS

2592 3710 26 25 A
2629 3709 30 25 la
2677 3708 78 26 suite
2769 3707 39 25 du
2833 3707 75 30 rejet
2919 3707 39 25 du
2972 3707 119 32 pourvoi
3106 3706 52 26 des
3174 3706 144 32 Capucins

2561 3742 39 27 de
2611 3742 91 27 Paris,
2716 3742 45 25 les
2773 3741 144 31 Capucins
2936 3741 39 25 du
2988 3741 86 24 Mans
3096 3746 34 19 se
3143 3740 177 26 désistèrent

2561 3777 40 26 du
2613 3778 71 27 leur,
2699 3776 76 25 mais
2787 3775 38 25 ils
2839 3776 142 25 restèrent
2992 3775 75 25 dans
3081 3775 63 25 leur
3157 3777 131 23 couvent.

2592 3812 72 25 Hier
2675 3811 69 27 soir,
2758 3811 28 25 le
2799 3811 202 24 commissaire
3014 3809 121 27 central,
3146 3811 110 30 envoyé
3268 3816 52 25 par

2560 3846 30 26 le
2610 3846 135 31 Parquet,
2770 3844 71 26 s'est
2867 3844 135 30 présenté
3030 3849 38 20 au
3098 3845 124 24 couvent
3245 3846 30 23 et
3301 3850 20 19 a

2562 3881 146 25 demande
2724 3885 38 19 au
2784 3879 31 24 P.
2835 3878 105 25 Bruno,
2961 3878 160 30 supérieur,
3137 3878 25 25 si
3183 3879 68 24 tous
3276 3879 44 25 les

2562 3914 143 32 Capucins
2720 3912 180 26 condamnés
2914 3912 109 25 étaient
3042 3918 106 19 encore
3161 3912 75 25 dans
3250 3913 71 25 l'im-

2562 3949 126 25 meuble.

2593 3982 40 26 Le
2655 3982 70 25 Père
2744 3982 133 31 répondit
2897 3988 56 26 que
2964 3983 69 24 tous
3051 3981 137 25 n'étaient
3215 3986 53 27 pas
3279 3981 31 25 là

2561 4018 22 25 il
2594 4017 100 26 refusa
2706 4016 37 26 de
2751 4015 143 33 répondre
2907 4017 19 24 à
2939 4016 126 25 d'antres
3079 4015 162 32 questions.

2594 4052 41 26 Le
2646 4050 202 27 commissaire
2865 4056 35 20 se
2915 4051 89 25 retira
3014 4050 88 26 alors.

2606 4158 76 63 La
2715 4178 196 65 guerre
2950 4166 32 54 à
3009 4156 53 64 la
3098 4155 192 66 liberté

2592 4301 24 24 A
2627 4301 110 26 Rouen,
2758 4305 40 20 un
2818 4300 93 30 grand
2933 4301 122 24 nombre
3074 4300 37 24 de
3134 4302 120 28 parente
3268 4303 53 23 ont

2563 4333 85 31 3igné
2671 4339 59 19 une
2765 4333 190 31 protestation
2983 4333 139 25 adressée
3149 4339 38 19 au
3215 4335 103 31 préfet,

2563 4369 98 24 contre
2679 4368 29 24 la
2735 4367 156 25 fermeture
2910 4368 37 25 de
2965 4367 97 26 l'école
3086 4367 53 26 des
3161 4368 100 26 Soeurs
3283 4369 38 25 de

2562 4401 213 26 Saint-Vincent
2788 4401 37 25 de
2839 4402 71 25 Paul
2921 4402 37 25 de
2969 4402 29 25 la
3011 4407 52 20 rue
3074 4402 198 27 Saint-Julien.

2593 4437 24 25 A
2627 4436 133 31 Fécamp,
2777 4442 58 19 une
2855 4436 221 25 manifestation
3091 4442 20 19 a
3128 4442 36 19 eu
3186 4436 58 27 lieu
3260 4444 59 19 aux

2563 4471 58 26 cris
2633 4471 37 24 de
2683 4477 8 17 :
2703 4478 15 16 «
2725 4470 103 25 Vivent
2844 4470 44 25 les
2902 4471 99 25 Soeurs
3013 4472 8 23 !
3037 4470 71 26 Vive
3118 4470 29 25 la
3168 4470 103 27 liberté
3286 4473 8 23 !
3304 4479 16 16 »

2563 4504 18 26 à
2593 4505 153 25 l'occasion
2762 4504 36 25 de
2817 4504 28 24 la
2860 4504 155 25 fermeture
3037 4504 36 25 de
3099 4504 97 25 l'école
3213 4507 107 23 mater-

2563 4539 75 25 nelle
2652 4540 86 24 tenue
2752 4544 52 25 par
2822 4537 44 26 les
2879 4537 99 27 Soeurs
2996 4537 37 26 de
3046 4537 118 33 Saint-Vi
3178 4541 85 23 vent
3282 4539 38 26 de

2563 4573 79 26 Paul.
2658 4573 148 25 Plusieurs
2820 4572 52 26 des
2893 4581 14 16 «
2920 4572 149 26 criminels
3083 4581 13 14 »
3189 4575 52 24 ont
3259 4574 59 31 pris

2563 4609 64 31 part
2640 4609 17 23 à
2667 4609 74 24 cette
2748 4606 220 26 manifestation
2981 4608 52 24 ont
3046 4606 46 26 été
3101 4608 97 30 l'objet
3206 4607 37 26 de
3255 4613 63 26 pro-

2562 4643 197 25 cès-verbaux.

2593 4678 38 24 M.
2645 4677 105 25 Marcel
2765 4677 40 25 Le
2817 4677 107 28 Grand,
2938 4683 38 20 au
3000 4683 69 19 nom
3091 4677 38 26 du
3152 4677 111 26 Comité
3283 4678 37 25 de

2563 4713 158 31 patronage
2732 4712 54 24 des
2799 4712 95 24 écoles
2906 4712 182 24 chrétiennes
3102 4712 29 25 d>
3193 4717 94 26 camp,
3301 4718 19 19 a

2563 4746 120 24 adressé
2696 4746 19 23 à
2725 4745 30 25 la
2767 4745 171 31 Supérieure
2951 4745 137 31 générale
3101 4745 53 24 des
3169 4747 99 24 Soeurs
3282 4746 37 25 de

2563 4780 214 26 Saint-Vincent
2789 4780 37 24 de
2838 4780 71 25 Paul
2925 4785 58 20 une
2997 4779 84 26 lettre
3094 4779 100 25 disant
3208 4779 29 25 la
3256 4786 64 26 gra-

2562 4815 91 25 titude
2675 4814 37 25 de
2738 4814 29 25 la
2793 4814 166 31 population
2983 4820 72 26 pour
3074 4814 27 26 le
3124 4813 197 27 dévouement

2562 4855 69 19 avec
2644 4849 95 29 lequel
2752 4848 43 25 lea
2810 4848 178 30 religieuses,
3004 4848 83 25 Soeur
3105 4848 125 27 Thérèse
3253 4855 67 25 pen-

2562 4883 71 25 dant
2645 4882 183 26 trente-deux
2839 4888 64 22 ans,
2917 4883 83 25 Soeur
3014 4882 161 26 Madeleine
3190 4883 130 30 pendant

2561 4917 168 25 trente-huit
2755 4922 64 21 ans.
2841 4916 83 26 Soeur
2950 4917 114 25 Marthe
3087 4917 127 30 pendant
3239 4918 81 30 vingt

2562 4958 64 22 ans.
2636 4951 134 27 s'étaient
2784 4950 106 27 vouées
2906 4957 39 21 au
2958 4951 111 27 service
3082 4951 53 26 des
3150 4951 95 31 petits.
3261 4952 25 27 Il
3301 4957 19 27 y

2561 4992 20 20 a
2594 4986 214 32 quarante-huit
2821 4991 55 19 ans
2889 4991 58 26 que
2963 4986 98 25 l'école
3079 4986 70 25 était
3168 4985 110 27 confiée
3303 4986 20 25 A

2561 5022 29 24 la
2606 5020 221 32 Congrégation,
2849 5021 29 24 et
2900 5022 43 24 les
2960 5021 96 25 mères
3077 5020 36 26 de
3136 5020 111 26 famille
3261 5027 60 19 res-

2562 5056 117 24 sentent
2711 5054 40 26 dn
2780 5053 100 31 départ
2911 5054 53 25 des
2990 5054 100 26 Soeurs
3119 5059 59 21 une
3207 5054 112 31 grande

2562 5090 129 26 douleur.

2593 5159 44 25 On
2652 5164 74 19 nous
2739 5158 70 25 écrit

2593 5203 186 30 L'important
2801 5201 106 31 hôpital
2934 5203 48 30 qui
3007 5202 81 25 vient
3106 5202 89 25 d'être
3213 5201 60 27 bâti
3297 5202 20 26 A

2561 5232 132 31 Ambilly,
2702 5231 140 26 territoire
2848 5231 37 25 de
2899 5232 29 24 la
2938 5238 157 20 commune
3102 5231 214 27 d'Annemasse

2562 5258 235 35 (Haute-Savoie).
2812 5262 30 25 et
2853 5262 125 26 terminé
2987 5261 103 32 depuis
3102 5262 120 26 environ
3236 5262 80 27 deux

2561 5292 85 29 mois,
2659 5298 45 22 va,
2720 5291 130 33 paraît-il,
2868 5291 129 27 s'ouvrir.

2591 5324 52 24 Cet
2655 5323 158 31 important
2823 5322 158 27 immeuble
2988 5329 19 19 a
3015 5323 47 26 été
3071 5323 80 26 élevé
3158 5329 40 20 au
3209 5329 106 26 moyen

2561 5353 38 25 de
2612 5354 72 30 legs.

2592 5384 43 28 Et,
2649 5380 119 34 d'après
2783 5383 42 26 les
2837 5382 158 28 dernières
3009 5383 134 26 volontés
3153 5383 52 26 des

2562 5415 94 26 teurs,
2668 5412 25 32 l'
2703 5413 120 31 hôpital
2846 5412 106 27 devait
2972 5414 63 25 être
3049 5413 135 25 desservi
3198 5419 61 25 par
3273 5414 42 25 les

2561 5443 106 26 Soeurs
2690 5443 36 25 de
2743 5442 238 28 Saint-Vincent
3000 5443 38 27 de
3062 5443 84 27 Paul
3160 5443 51 25 des
3228 5444 86 25 deux

2560 5473 193 32 orphelinats
2764 5473 119 26 voisins
2895 5473 38 26 de
2943 5471 130 35 Vallard
3082 5474 29 25 et
3125 5473 37 27 de
3180 5473 134 27 Ville-la-

2561 5503 121 28 Grand.

2591 5534 129 29 Comme,
2735 5535 85 31 grâce
2842 5534 18 25 â
2880 5533 37 27 M.
2934 5535 131 26 Fernand
3079 5534 101 27 David,
3195 5535 116 32 député,

2561 5570 50 19 ees
2624 5564 139 25 vénérées
2775 5564 169 30 religieuses
2958 5566 51 22 ont
3021 5565 46 25 été
3082 5564 156 31 expulsées
3252 5566 63 24 der-

2562 5594 171 29 nièrement,
2744 5593 29 25 le
2786 5593 94 31 public
2892 5595 46 24 est
2951 5594 119 25 curieux
3083 5594 37 25 de
3134 5594 64 24 voir
3210 5595 49 31 qui
3274 5594 45 26 les

2564 5623 189 32 remplacera.

2566 5770 61 56 LE
2677 5768 240 57 NOUVEAU
2967 5769 352 59 TRAITEMENT

2662 5845 64 33 DE
2762 5845 62 34 LA
2862 5845 367 35 TUBERCULOSE

2597 5933 48 28 De
2651 5934 106 27 toutes
2769 5933 97 34 parts,
2874 5933 29 28 la
2912 5932 79 29 lutte
3003 5935 48 26 est
3066 5933 141 35 engagée
3214 5935 108 28 contre

2562 5967 32 29 la
2605 5965 212 34 tuberculose,
2832 5973 35 21 ce
2881 5966 127 29 terrible
3022 5966 81 29 fléau
3119 5967 52 36 qui
3183 5967 55 29 fait
3251 5968 72 36 plus

2563 6001 40 28 de
2629 6001 143 27 victimes
2794 6008 41 20 en
2857 6001 119 28 France
2997 6008 62 28 que
3079 6002 46 28 les
3139 6009 131 27 guerres
3293 6005 30 25 et

2564 6036 47 28 les
2634 6034 181 36 épidémies.
2844 6035 61 29 Les
2933 6036 150 35 pouvoirs
3102 6037 124 34 publies
3248 6044 76 21 eux-

2565 6069 120 29 mêmes
2712 6069 240 34 interviennent,
2981 6077 53 21 car
3063 6070 28 28 le
3124 6070 88 35 péril,
3237 6071 88 28 étant

2564 6104 104 29 donné
2691 6103 29 29 le
2745 6103 95 36 degré
2862 6104 39 29 de
2924 6104 204 41 propagation
3149 6104 39 29 de
3211 6105 31 28 la
3262 6113 63 21 ma-

2566 6139 89 31 ladie,
2671 6140 49 26 est
2732 6138 123 28 devenu
2870 6140 147 27 national.

2600 6174 85 28 Dans
2698 6179 53 22 ces
2762 6172 186 35 conditions,
2959 6177 88 26 toute
3056 6174 188 31 découverte
3255 6183 69 22 sus-

2565 6208 132 36 ceptible
2714 6208 160 35 d'enrayer
2895 6209 29 28 la
2951 6209 125 28 marche
3101 6209 45 29 du
3169 6209 83 31 fléau
3275 6212 49 28 est

2564 6243 209 29 intéressante
2782 6241 20 29 à
2815 6243 147 33 signaler.

2599 6280 47 28 La
2659 6277 186 28 médication
2857 6278 152 28 vanadiée
3022 6278 132 29 Hélouis
3169 6279 54 41 qui
3238 6281 89 28 vient

2566 6314 41 28 de
2626 6314 76 27 faire
2722 6320 52 21 ses
2789 6320 134 35 preuves
2942 6311 80 30 dans
3042 6313 46 28 les
3110 6313 154 35 hôpitaux
3287 6315 39 27 de

2567 6349 88 28 Paris
2667 6349 32 26 et
2710 6347 39 29 de
2763 6347 162 35 l'étranger
2940 6355 20 20 a
2977 6347 103 28 donné
3104 6347 57 28 des
3176 6347 150 31 résultats

2566 6382 60 29 tels
2655 6382 96 34 qu'on
2779 6383 75 33 peut
2886 6380 174 30 désormais
3088 6381 30 29 la
3145 6382 181 30 considérer

2567 6424 123 24 comme
2713 6416 30 29 le
2762 6415 151 31 véritable
2934 6415 173 37 spécifique
3120 6416 39 29 de
3177 6415 31 30 la
3219 6417 105 30 tuber-

2569 6454 117 27 culose.

2604 6487 43 29 Le
2660 6487 116 28 lecteur
2788 6488 146 29 trouvera
2949 6486 17 30 à
2981 6488 88 28 notre
3089 6485 142 32 dernière
3247 6495 79 29 page

2568 6523 57 28 des
2645 6523 271 40 renseignements
2939 6521 141 30 détaillés
3095 6529 57 21 sur
3171 6522 45 28 les
3237 6523 89 30 effets

2568 6558 40 28 de
2619 6559 80 26 cette
2717 6555 188 29 médication
2921 6555 54 37 qui
2997 6556 155 29 constitue
3171 6563 63 23 une
3249 6557 79 28 véri-

2567 6591 84 30 table
2663 6591 176 27 révolution
2853 6589 79 30 dans
2946 6591 31 27 la
2989 6590 251 36 thérapeutique.

2602 6629 83 27 Pour
2700 6625 45 29 les
2757 6624 207 36 applications
2983 6625 42 31 du
3044 6625 179 30 traitement
3235 6633 93 22 vana-

2568 6662 60 33 dié,
2639 6663 45 28 les»
2696 6660 139 28 malades
2843 6662 138 33 peuvent
2996 6661 172 29 s'adresser
3179 6668 41 21 au
3229 6662 34 35 Dr
3288 6663 42 28 Le

2567 6698 157 27 Tanneur.
2739 6694 47 31 23.
2803 6701 56 20 rue
2880 6694 140 33 Joubert,
3035 6694 20 28 à
3075 6695 97 33 Paris,
3186 6697 53 39 qui
3262 6697 69 28 leur

2567 6731 140 29 donnera
2717 6731 46 29 les
2774 6727 274 37 renseignements
3063 6730 206 31 nécessaires.

3389 303 61 50 La
3477 303 171 52 Société
3677 309 52 47 de
3758 308 156 65 Picpus

3696 383 46 42 et
3767 378 65 48 les
3860 380 285 64 liquidateurs

3419 463 186 32 Aujourd'hui
3626 467 52 24 ont
3701 470 169 25 commencé
3894 470 107 28 devant
4028 474 29 25 la
4084 481 61 23 pre-

3389 494 90 25 mière
3493 494 143 27 Chambre
3650 496 39 26 du
3700 498 124 26 tribunal
3837 501 63 25 civil
3916 496 31 34 de
3959 496 31 34 la
4003 504 84 25 Seine
4099 505 44 25 les

3387 523 112 27 débats,
3519 525 132 28 presidés
3671 532 52 24 par
3741 528 39 24 M.
3797 527 86 29 Ditte,
3903 531 51 25 des
3974 532 167 26 différentes

3387 554 149 23 instances
3554 555 173 26 introduites
3743 562 50 25 par
3806 558 37 25 M.
3860 559 87 29 Duez,
3966 562 173 31 liquidateur

3386 581 37 26 de
3436 582 29 25 la
3478 582 213 33 Congrégation
3703 585 37 26 de
3757 586 111 33 Picpus,
3878 593 98 23 contre
3988 593 29 24 la
4033 593 113 26 Société

3385 611 84 26 civile
3482 614 186 29 propriétaire
3680 614 38 26 de
3736 623 48 19 ces
3798 621 185 25 immeubles.

3417 641 38 25 M.
3470 638 79 29 Duez
3563 642 145 28 demande
3723 646 19 24 à
3754 646 61 27 être
3829 648 56 26 mis
3899 655 37 20 en
3957 652 176 30 possession,

3386 677 39 19 au
3439 672 104 25 besoin
3556 678 70 20 avec
3639 675 182 27 l'assistance
3841 677 36 26 de
3888 678 28 26 la
3937 680 77 26 force
4027 683 108 28 armée,

3385 700 54 27 des
3451 702 84 25 biens
3549 703 123 28 détenus
3687 711 51 25 par
3749 706 43 27 les
3809 708 167 31 Picpuciens
3991 712 31 26 et
4034 717 98 22 reven-

3385 732 104 31 diqués
3504 739 50 28 par
3567 735 45 24 les
3625 736 127 25 Sociétés
3765 738 99 26 civiles
3875 747 7 16 :

3416 764 24 25 A
3453 762 92 29 Paris,
3557 762 40 31 33,
3613 770 52 22 rue
3677 765 37 27 de
3728 766 116 32 Picpus;

3417 794 24 23 A
3455 793 152 30 Villepinte
3620 794 222 33 (Seine-et-Oise)
3848 794 8 33 ;

3415 822 24 25 A
3454 822 107 25 Graves
3576 825 149 30 (Aveyron)
3741 833 6 20 ;

3415 851 25 25 A
3450 852 124 26 Sarzeau
3591 852 167 31 (Morhiban)
3762 852 6 31 ;
3772 863 7 20 ;

3415 881 54 24 Ces
3489 881 167 28 différentes
3680 884 116 26 affaires
3820 887 116 27 avaient
3953 889 46 26 été
4021 891 118 26 d'abord

3383 911 147 28 soumises
3543 918 38 21 au
3592 913 71 32 juge
3677 913 51 27 des
3742 914 110 28 référés
3863 919 49 30 qui
3924 920 78 26 avait
4014 922 127 29 renvoyé

3384 941 107 25 devant
3505 941 26 26 le
3542 943 126 25 tribunal
3679 946 125 30 jugeant
3815 953 37 19 en
3867 948 100 27 référé.

3415 971 75 26 Pour
3508 972 42 25 les
3572 973 131 27 maisons
3729 974 37 27 de
3789 977 141 34 province,
3952 980 43 26 les
4010 981 128 26 Sociétés

3383 1001 99 26 civiles
3495 1005 141 29 opposent
3649 1004 235 37 l'incompétence
3899 1009 36 26 du
3956 1009 125 27 tribunal
4100 1012 38 25 de

3383 1031 29 25 la
3425 1032 85 25 Seine
3521 1036 158 24 soutenant
3693 1042 55 26 que
3766 1033 26 28 la
3805 1037 36 25 loi
3858 1038 36 26 de
3908 1039 61 26 1903
3983 1041 48 30 qui
4045 1041 91 27 unifie

3383 1061 30 26 la
3436 1062 188 30 compétence
3645 1071 37 19 en
3706 1067 120 26 matière
3850 1068 36 26 de
3909 1070 169 31 liquidation
4100 1078 37 20 ne

3383 1091 159 31 S'applique
3556 1099 52 25 pas
3621 1101 57 19 aux.
3690 1097 118 24 référés.

3416 1120 40 25 La
3470 1123 115 24 maison
3598 1124 37 24 de
3649 1121 81 37 Paris
3742 1126 58 30 qui,
3817 1126 63 27 elle,
3897 1127 92 32 plaide
4001 1136 38 19 au
4053 1130 78 28 fond,

3382 1149 42 26 dit
3450 1151 66 31 qu'il
3546 1157 17 26 y
3588 1158 17 20 a
3627 1154 55 26 lieu
3701 1155 18 24 à
3741 1155 100 28 référé,
3870 1163 57 23 car,
3962 1164 36 20 en
4025 1159 108 29 réalité,

3382 1180 38 26 M.
3439 1181 79 25 Duez
3532 1185 67 24 vent
3619 1183 72 26 faire
3705 1186 134 25 trancher
3858 1193 70 21 sous
3949 1190 75 25 cette
4042 1189 93 26 forme

3382 1210 28 25 la
3433 1212 136 33 question
3589 1213 35 26 de
3638 1215 142 31 propriété
3800 1216 71 25 dont
3894 1217 27 26 le
3943 1219 124 25 tribunal
4089 1222 47 23 est

3381 1241 80 26 saisi.
3476 1243 43 25 Au
3533 1244 126 31 surplus,
3671 1245 97 26 toutes
3783 1246 43 26 les
3841 1247 125 28 Sociétés
3976 1249 158 33 invoquent

3382 1271 27 25 le
3422 1272 94 25 sursis
3533 1273 115 31 jusqu'à
3664 1281 34 19 ce
3717 1281 57 26 que
3785 1277 44 25 les
3848 1278 158 27 tribunaux
4024 1286 108 22 correc-

3381 1301 126 26 tionnels
3521 1303 80 25 aient
3619 1304 97 26 statué
3734 1310 52 21 sur
3806 1306 167 28 l'existence
3988 1309 93 30 légale
4095 1309 37 26 de

3381 1331 29 26 la
3423 1331 221 33 Congrégation.

3412 1362 39 25 M·
3489 1363 120 31 Lemery
3649 1365 95 30 plaide
3778 1371 72 26 pour
3880 1368 28 25 le
3938 1364 172 37 liquidateur
4121 1364 13 37 ;

3381 1391 40 25 M·
3433 1392 200 29 Saint-Auban,
3651 1400 70 25 pour
3734 1395 43 26 les
3792 1396 126 28 Sociétés
3931 1400 109 26 civiles.

3412 1421 56 26 Les
3479 1422 103 26 débats
3593 1424 203 27 continueront
3808 1427 18 24 à
3841 1427 88 25 huitai
3954 1435 25 20 e.

3380 1493 244 59 Désertions
3643 1513 61 40 au
3725 1496 117 60 105e
3860 1499 276 60 d'infanterie

3409 1602 44 25 En
3473 1603 116 26 octobre
3616 1605 128 28 dernier,
3773 1607 44 25 les
3838 1608 113 26 soldats
3978 1610 101 25 Hérait
4107 1612 30 25 et

3378 1635 125 29 Ducour,
3517 1638 149 27 enfermés
3681 1640 19 24 à
3713 1640 29 26 la
3760 1642 99 29 prison
3877 1643 205 31 régimentaire
4096 1651 39 20 au

3378 1671 129 29 quartier
3520 1671 210 29 d'Anterroche,
3738 1674 18 24 à
3767 1675 93 28 Riom.
3868 1679 152 27 prenaient
4027 1677 30 26 la
4063 1678 72 26 fuite

3378 1704 86 30 après
3469 1704 24 34 la
3504 1704 89 34 soupe
3599 1707 38 25 du
3642 1707 67 25 soir.
3713 1707 46 26 Un
3765 1708 148 28 troisième
3918 1706 102 34 soldat,
4025 1706 26 34 le
4056 1713 79 25 sieur

3379 1738 22 25 Β
3413 1738 111 36 curgier,
3539 1741 48 29 qui
3603 1741 77 25 avait
3693 1742 19 24 à
3724 1749 35 19 se
3772 1743 130 31 plaindre
3913 1745 40 25 du
3964 1747 119 29 sergent
4098 1746 37 26 de

3378 1777 35 20 sa
3423 1775 180 29 compagnie,
3621 1776 126 31 profitait
3766 1775 37 27 de
3819 1777 155 28 l'occasion
3992 1786 72 25 pour
4079 1780 57 26 fuir

3377 1812 72 21 avec
3461 1807 101 26 Hérait
3575 1811 30 24 et
3619 1810 123 27 Ducour.

3406 1842 79 25 Tous
3493 1842 71 26 trois
3574 1844 98 26 furent
3682 1845 110 26 arrêtés
3801 1847 140 32 quelques
3944 1849 87 31 jours
4039 1851 94 30 après,

3377 1876 19 26 A
3411 1876 91 29 Paris,
3520 1883 136 20 ramenas
3674 1879 19 25 à
3710 1880 83 25 Riom
3810 1882 30 23 et
3857 1881 148 27 enfermés
4027 1884 19 24 à
4068 1889 67 20 nou-

3377 1916 74 20 veau
3471 1910 19 25 à
3513 1911 30 25 la
3563 1913 98 31 prison
3684 1913 40 25 du
3744 1919 95 26 corps,
3860 1915 75 26 dans
3954 1917 123 31 laquelle
4101 1924 34 19 se

3376 1945 165 24 trouvaient
3547 1945 165 32 également
3717 1948 45 25 les
3766 1948 112 26 soldats
3884 1950 86 31 Jolly,
3975 1951 159 29 Merdleux,

3376 1978 110 30 Quérès
3498 1979 29 25 et
3539 1979 125 27 Bonitot.

3406 2014 56 24 Ces
3475 2015 65 30 sept
3555 2016 178 30 prisonniers
3751 2023 34 21 se
3798 2019 68 25 sont
3883 2018 106 27 évadés
4010 2020 29 25 la
4063 2021 71 27 nuit,

3377 2048 86 31 après
3476 2048 79 25 avoir
3570 2049 77 26 brisé
3661 2051 29 24 la
3708 2053 81 29 porte
3807 2051 37 26 dé
3861 2052 29 25 la
3905 2054 107 31 prison.
4027 2054 42 26 Ils
4083 2056 53 24 ont

3378 2082 47 26 été
3438 2082 110 26 arrêtés
3562 2084 164 30 dimanche,
3736 2092 52 19 sur
3797 2086 28 25 la
3834 2088 82 25 route
3927 2087 37 27 de
3973 2088 161 26 Clermomt-

3377 2116 138 30 Ferrand,
3526 2118 18 25 à
3557 2118 29 26 la
3599 2119 115 26 Maison
3726 2121 104 25 Jaune.
3842 2122 55 24 Les
3904 2125 65 28 sept
3982 2123 152 26 militaires

3377 2153 52 24 ont
3440 2151 46 26 été
3501 2154 135 25 ramenés
3655 2159 70 20 sous
3746 2156 112 25 escorte
3880 2156 18 25 à
3922 2156 61 26 leur
4001 2163 86 26 corps
4106 2159 31 24 et

3376 2185 123 27 écroués
3513 2186 37 26 de
3563 2192 134 22 nouveau
3710 2189 19 23 à
3742 2189 28 25 la
3785 2189 107 31 prison.

3583 2244 349 35 ARRESTATION

3379 2297 117 57 D'UNE
3529 2299 127 58 BANDE
3687 2302 49 55 DE
3767 2300 171 58 VOLEURS
3971 2303 163 57 UNGUIS

3409 2382 41 26 Le
3468 2383 30 25 15
3513 2383 116 26 octobre
3640 2384 124 28 dernier,
3779 2392 39 18 on
3832 2386 89 25 volait
3935 2384 32 35 au
3988 2388 146 31 Comptoir

3378 2417 184 31 d'escompte,
3582 2424 38 20 au
3641 2419 145 31 préjudice
3806 2420 68 25 d'un
3897 2421 133 32 employé
4048 2422 37 26 de
4106 2423 31 25 la

3379 2451 110 26 Société
3505 2451 53 26 des
3575 2452 129 31 métaux,
3718 2454 39 25 M.
3772 2454 107 28 Florin,
3893 2461 59 21 nne
3966 2462 116 20 somme
4099 2456 37 27 de

3379 2486 27 26 73
3419 2486 45 26 350
3478 2486 107 27 francs.

3410 2524 41 25 La
3457 2525 100 26 Sûreté
3568 2526 43 25 fut
3625 2527 123 31 chargée
3756 2528 37 25 de
3801 2528 143 32 l'enquête
3954 2531 30 23 et
3992 2531 143 24 reconnut

3378 2565 57 25 que
3445 2565 34 20 ce
3492 2560 44 25 vol
3552 2562 78 24 avait
3642 2562 47 25 été
3702 2562 86 31 opéré
3799 2569 51 25 par
3856 2562 60 26 l'un
3925 2564 52 25 des
3986 2565 148 25 membres

3378 2593 86 26 d'une
3476 2595 95 26 bande
3585 2596 37 25 de
3636 2596 84 26 filous
3735 2598 124 29 anglais.

3409 2628 40 27 Le
3466 2629 32 26 25
3516 2631 124 27 octobre,
3660 2638 40 19 un
3718 2633 89 29 agent
3831 2634 122 29 passant
3972 2633 159 26 boulevard

3378 2662 52 26 des
3445 2664 120 26 Italiens
3586 2667 212 23 reconnaissait
3813 2666 57 24 l'un
3887 2666 51 26 des
3954 2667 122 29 voleurs,
4093 2673 40 20 un

3379 2698 118 25 nommé
3515 2698 83 26 Fred.
3614 2699 51 25 Cet
3683 2699 128 26 individu
3834 2700 43 25 fut
3895 2702 135 24 surveillé
4050 2701 83 25 étroi-

3378 2734 121 24 tement.

3411 2767 39 24 Le
3460 2767 40 26 29,
3516 2767 43 25 les
3574 2769 105 30 agents
3697 2768 27 25 le
3742 2770 93 23 virent
3854 2770 123 29 prendre
3990 2770 19 24 à
4022 2770 29 24 la
4063 2775 71 25 gare

3378 2800 120 31 d'Orsay
3520 2801 27 24 le
3562 2801 99 31 rapide
3678 2808 71 25 pour
3766 2802 162 26 Bordeaux.
3950 2803 55 25 Les
4025 2804 109 29 agents

3378 2835 110 30 prirent
3496 2835 28 24 le
3535 2836 97 24 même
3643 2836 76 24 train
3730 2838 30 23 et
3775 2837 26 24 te
3810 2837 101 30 virent,
3919 2837 25 30 le
3956 2837 177 27 lendemain,

3378 2868 169 26 s'aboucher
3560 2875 71 19 avec
3644 2870 70 24 trois
3728 2869 144 26 individus
3887 2870 36 26 de
3934 2876 35 19 sa
3983 2870 103 26 bande.

3410 2903 55 26 Les
3474 2906 100 29 quatre
3589 2904 85 26 filous
3687 2910 34 20 se
3733 2904 149 27 rendirent
3896 2911 54 26 peu
3963 2905 85 31 après
4059 2905 74 26 dans

3377 2943 58 20 une
3460 2938 110 31 grande
3597 2939 115 24 maison
3738 2939 36 25 de
3804 2939 128 31 banque;
3962 2940 58 25 l'un
4048 2939 85 25 d'eux

3376 2972 124 25 chercha
3519 2972 18 24 à
3559 2972 159 31 S'emparer
3732 2973 68 24 d'un
3821 2974 180 30 portefeuille
4025 2974 108 25 renfer-

3376 3007 85 23 mant
3479 3005 88 27 30000
3591 3007 106 27 francs,
3710 3007 87 31 qu'un
3823 3007 88 25 client
3928 3007 79 25 avait
4026 3007 109 31 déposé

3377 3039 68 32 près
3458 3040 37 25 de
3507 3040 40 25 lui
3561 3045 52 21 sur
3624 3046 58 20 une
3696 3041 167 32 banquette.

3408 3074 56 26 Les
3479 3076 103 30 agents
3594 3075 150 26 sautèrent
3758 3075 124 26 aussitôt
3892 3082 51 21 sur
3953 3076 45 27 las
4006 3076 125 29 voleurs,

3377 3110 29 23 et
3420 3114 58 19 une
3491 3109 72 24 lutte
3574 3110 165 30 s'engagea.

3408 3142 46 25 Un
3472 3142 64 25 seul
3560 3141 43 26 fut
3624 3142 102 29 arrêté,
3751 3148 40 20 un
3814 3144 121 25 nommé
3953 3143 116 29 Martin,
4092 3144 43 25 dit

3374 3176 137 27 Thomas,
3523 3176 32 25 65
3569 3183 64 20 ans.

3406 3212 53 24 Ses
3485 3212 163 31 complices,
3672 3213 48 31 qui
3744 3213 117 25 avaient
3885 3214 128 31 regagné
4040 3214 91 28 Paris,

3375 3246 52 24 ont
3434 3245 46 25 été
3494 3245 120 28 arrêtés,
3622 3246 71 28 hier,
3703 3253 36 18 au
3752 3246 150 27 ministère
3911 3247 52 26 des
3978 3248 153 26 Finances,

3375 3280 38 24 où
3429 3279 37 24 ils
3479 3279 183 26 cherchaient
3673 3281 18 23 à
3705 3281 79 24 voler
3798 3280 142 31 plusieurs
3957 3286 173 26 personnes,

3406 3314 39 25 Ce
3466 3315 69 23 sont
3553 3314 44 26 les
3621 3314 133 26 nommés
3777 3315 76 24 John
3875 3315 117 31 Mahon,
4005 3315 32 25 27
4061 3321 71 22 ans;

3375 3347 75 25 Fred
3459 3347 101 27 Smith,
3567 3348 32 24 29
3605 3348 114 31 ans,dit
3725 3349 78 25 John
3812 3348 122 32 Sullivan
3944 3349 12 31 :
3966 3351 29 23 et
4005 3350 129 30 Georges

3375 3381 138 27 Howard.
3525 3381 32 25 35
3571 3388 63 19 ans.
3648 3382 39 25 Ce
3704 3384 67 23 sont
3786 3388 49 20 ces
3851 3382 115 26 mêmes
3982 3382 150 26 individus

3376 3415 57 32 qui,
3455 3415 27 25 le
3501 3415 33 25 20
3564 3422 78 19 mars
3665 3416 68 27 1900,
3759 3416 95 25 furent
3879 3416 43 26 les
3951 3418 120 24 auteurs
4094 3416 38 26 du

3376 3450 120 25 fameux
3509 3450 46 24 vol
3567 3451 36 25 de
3616 3451 99 24 400000
3727 3450 99 25 francs
3844 3452 124 24 commis
3985 3457 37 20 au
4040 3451 93 31 préju-

3375 3484 63 26 dice
3457 3484 36 25 de
3514 3485 27 23 la
3562 3484 178 32 Compagnie
3757 3485 38 24 du
3818 3484 86 29 Nord,
3920 3486 74 25 dans
4016 3487 27 23 la
4064 3491 69 20 cour

3374 3519 54 25 des
3441 3519 204 30 Messageries.

3455 3592 183 36 DANS
3674 3592 82 36 LE
3795 3588 259 42 CLERGÉ

3406 3671 153 35 L'Officiel
3578 3672 96 33 publie
3692 3673 44 25 les
3751 3673 114 25 décrets
3885 3676 122 30 agréant
4023 3674 44 27 les
4084 3681 51 21 no-

3375 3707 160 25 minations
3561 3707 160 30 suivantes,
3746 3707 86 26 faites
3860 3713 53 26 par
3929 3708 64 26 NN.
4016 3709 47 25 SS.
4088 3710 45 26 les

3375 3741 126 32 évêques
3515 3749 7 17 :

3406 3776 120 26 Diocèse
3546 3776 185 35 d'Avignon,
3745 3777 39 26 M.
3807 3777 93 26 l'abbé
3919 3778 124 32 Paysan,
4064 3781 68 25 curé

3375 3806 37 25 de
3426 3806 189 34 Mondragon.
3631 3813 17 18 a
3662 3807 29 25 la
3703 3813 69 19 cure
3783 3808 36 24 de
3831 3807 108 26 Vaison
3949 3815 8 21 ;

3406 3835 120 27 Diocèse
3539 3841 37 21 de
3597 3836 165 33 Besançon,,
3778 3837 36 25 M.
3835 3836 92 28 l'abbé
3942 3838 106 28 Fitsch,
4063 3840 68 25 curé

3375 3865 37 27 de
3426 3867 151 25 Bussières
3590 3861 230 37 (HauteSaône),
3836 3867 18 24 à
3872 3867 29 25 la
3914 3874 69 20 cure
4004 3862 37 32 de
4057 3868 75 26 Cier-

3375 3896 48 25 val
3436 3896 120 29 (Doubs)
3566 3903 8 22 ;

3407 3929 120 27 Diocèse
3545 3929 38 26 de
3602 3929 120 30 Nîmes,
3741 3931 39 25 M.
3804 3930 92 26 l'abbé
3917 3932 131 28 EUenne,
4063 3934 68 24 curé

3376 3960 36 24 de
3425 3959 193 25 Notre-Dame
3632 3960 17 24 à
3663 3960 165 27 Beaucaire,
3842 3960 18 24 à
3872 3960 29 25 la
3913 3966 70 20 cure
3990 3961 37 26 de
4036 3962 94 24 Saint-

3376 3989 128 28 Charles,
3518 3989 19 25 à
3550 3988 112 27 Nîmes.

4231 1190 667 45 PROMESSES

4192 1250 54 49 de
4264 1251 365 62 Notre-Seigneur
4643 1254 302 54 Jésus-Christ

4217 1329 23 26 A
4255 1330 39 25 LA
4316 1330 249 27 BIENHEUREUSE
4586 1333 334 29 MARGUERITE-MARIE

4191 1371 35 16 EN
4238 1369 98 26 FAVEUR
4347 1373 46 17 DES
4406 1373 144 17 PERSONNES
4563 1370 111 23 DÉVOTES
4687 1377 18 16 A
4715 1376 48 16 SON
4777 1373 80 20 SACRÉ
4868 1378 76 19 COEUR

4217 1445 21 21 1.
4255 1446 29 20 Je
4301 1444 56 23 Isar
4376 1445 125 23 donnerai
4521 1446 84 23 toute·
4623 1447 37 22 les
4677 1445 100 30 grâces
4788 1445 159 31 nécessaires

4191 1468 65 23 dans
4269 1470 56 22 leur
4336 1471 60 22 état.

4215 1508 23 23 2.
4247 1510 29 20 Je
4288 1510 104 22 mettrai
4403 1510 26 21 la
4440 1510 60 27 paix
4510 1510 66 24 dans
4585 1511 58 23 leur
4654 1512 105 22 Camille.

4216 1548 21 21 3.
4245 1549 32 20 Je
4288 1547 37 22 les
4335 1548 143 22 consolerai
4486 1548 66 22 dans
4563 1550 85 22 toutes
4658 1551 69 22 leurs
4742 1553 95 25 peines.

4215 1586 22 20 4.
4246 1587 30 20 Je
4287 1586 68 21 serai
4367 1586 56 22 leur
4433 1587 91 26 refuge
4535 1588 89 22 assuré
4639 1588 115 24 pendant
4763 1590 26 21 la
4800 1591 44 22 vie
4853 1592 30 21 et
4891 1587 48 30 sur

4189 1610 58 23 tont
4257 1612 16 20 à
4284 1611 25 22 la
4321 1612 76 22 mort.

4215 1649 21 20 5.
4243 1650 30 20 Je
4282 1650 138 25 répandrai
4431 1650 182 23 d'abondantes
4620 1652 177 23 bénédictions
4802 1659 47 17 sur
4859 1656 87 22 toutes

4189 1672 71 24 leurs
4270 1675 162 26 entreprises.

4213 1712 21 21 β.
4244 1712 45 22 Les
4299 1712 125 28 pécheurs
4432 1714 150 23 trouveront
4590 1715 65 22 dans
4664 1720 61 18 mon
4737 1721 72 18 coeur
4819 1717 24 21 la
4853 1713 93 30 source

4189 1737 27 21 «t
4225 1736 97 24 l'océan
4334 1739 72 20 infini
4418 1738 31 22 de
4462 1738 25 22 la
4500 1739 170 24 misericorde.

4213 1774 23 23 T.
4248 1776 47 22 Les
4304 1776 71 22 âmes
4386 1776 81 22 tièdes
4477 1776 169 25 deviendront
4657 1779 137 24 ferventes.

4215 1814 21 22 S.
4248 1815 46 22 Les
4305 1815 72 22 âmes
4387 1815 129 23 ferventes
4525 1816 150 24 s'élèveront
4684 1818 18 22 à
4708 1823 52 18 nne
4772 1820 97 24 grandi
4885 1827 55 18 per-

4190 1839 102 24 fection.

4213 1879 25 21 ».
4247 1880 30 21 Je
4288 1879 99 22 bénirai
4404 1880 83 22 même
4496 1880 38 22 les
4550 1882 113 22 maisons
4680 1883 35 21 où
4724 1882 104 29 l'image
4838 1884 33 22 da
4882 1889 64 20 mon

4188 1908 73 18 cosar
4271 1910 58 17 sera
4341 1905 107 27 exposée
4458 1905 26 22 et
4496 1906 120 23 honorée.

4215 1943 32 20 10.
4259 1944 29 20 Je
4298 1943 126 21 donnerai
4434 1949 51 16 aux
4496 1944 100 26 prêtres
4607 1945 24 22 le
4647 1945 83 24 talent
4739 1947 33 22 do
4790 1947 108 22 toucher
4907 1949 36 22 la·

4189 1972 85 18 coeurs
4283 1968 37 22 les
4331 1968 58 28 plus
4404 1969 126 22 endurcis.

4215 2008 33 25 11.
4262 2007 46 22 Les
4323 2012 139 22 personnes
4479 2009 44 22 oui
4546 2011 173 26 prouageront
4737 2012 68 21 cette
4823 2011 120 28 dévotion

4190 2033 93 21 auront
4294 2033 56 21 leur
4361 2038 60 17 nom
4433 2034 65 21 écrit
4506 2029 66 29 dans
4583 2041 61 17 mon
4654 2041 73 17 coeur
4737 2037 34 22 où
4781 2037 19 22 il
4811 2036 59 23 n'en
4880 2043 59 18 sera

4185 2056 98 29 jamais
4294 2059 86 22 effacé.

4215 2097 33 23 12.
4256 2099 29 21 Je
4296 2099 25 21 te
4334 2099 121 27 promets,
4467 2100 64 23 dans
4544 2099 90 24 l'excès
4645 2101 32 23 de
4688 2101 25 23 la
4734 2102 165 23 miséricorde
4910 2103 35 23 de

4190 2128 61 18 mon
4264 2126 80 24 Coeur,
4356 2129 50 23 que
4419 2130 61 17 mon
4499 2130 91 17 amour
4606 2127 182 26 tout-puissant
4802 2128 142 24 accordera

4190 2148 16 22 à
4210 2151 57 20 tous
4274 2155 63 17 ceux
4346 2151 43 26 qui
4398 2151 208 22 communieront
4618 2152 35 22 les
4666 2153 123 25 premiers
4799 2153 141 27 vendredis,

4189 2175 64 21 neuf
4272 2175 48 22 fois
4337 2176 31 21 de
4388 2176 73 24 suite,
4474 2176 25 21 la
4515 2176 75 27 grâce
4609 2177 31 21 de
4661 2178 25 21 la
4707 2176 132 26 pénitence

4189 2200 74 27 qu'ils
4272 2206 31 17 ue
4315 2202 133 22 mourront
4466 2201 73 27 point
4556 2202 64 23 dans
4639 2208 41 17 ma
4695 2202 124 27 disgrâce,
4832 2201 27 28 ni
4878 2209 60 18 sans

4190 2227 112 21 recevoir
4312 2226 36 22 les
4361 2228 165 24 sacrements,
4539 2227 26 23 et
4577 2228 62 27 qu'il
4649 2233 27 17 se
4695 2229 94 22 rendra
4804 2229 57 22 leur
4876 2230 63 22 asile

4190 2253 89 22 assuré
4285 2253 17 22 k
4313 2253 68 21 catte
4393 2252 78 23 heure
4481 2252 124 24 dernière.

4224 2359 148 27 Nos
4408 2358 180 28 amis
4631 2359 282 32 défunts

4219 2430 38 26 M.
4264 2430 163 32 Houdayer,
4433 2430 65 32 le36
4506 2432 125 28 octobre,
4637 2433 19 24 à
4663 2432 180 26 Laval.—M.
4854 2434 87 25 Henri

4189 2459 102 29 Morin,
4309 2461 79 25 élève
4408 2467 38 19 au
4468 2461 74 25 Petit
4563 2462 161 26 Séminaire
4749 2462 52 26 des
4829 2464 112 26 Sables-

4189 2490 146 27 d'Olonne,
4353 2492 17 23 à
4390 2491 29 24 18
4440 2497 61 19 ans.
4518 2491 73 26 dans
4613 2499 34 18 sa
4673 2492 117 27 famille,
4808 2499 16 18 a
4851 2493 90 26 Saint-

4187 2520 286 25 Julien-des-Landes
4480 2521 147 30 (Vendée).
4634 2535 29 5 —
4672 2522 77 25 Mme
4755 2522 37 25 de
4799 2523 141 31 Conespel

4187 2549 36 26 de
4239 2551 167 31 Boisgency,
4412 2551 19 25 à
4437 2551 136 31 Alençon,
4578 2553 20 24 à
4603 2551 32 26 69
4640 2551 92 32 ans,—
4752 2551 71 32 Mme
4830 2554 110 26 Amelie

4188 2580 124 33 Montoy,
4326 2582 17 23 à
4357 2581 125 26 Beaune.
4500 2581 28 25 le
4538 2581 17 24 2
4573 2584 165 24 novembre.
4752 2595 32 6 —
4795 2583 38 25 M.
4849 2583 91 27 l'abbé

4189 2610 173 27 Lemauviel,
4374 2612 153 24 aumônier
4545 2611 36 26 de
4599 2612 126 30 l'hôpital
4739 2613 37 25 de
4791 2613 149 27 Montfort-

4188 2642 127 25 sur-Meu
4330 2642 245 30 (Ille-et-Vilain»),
4588 2650 19 17 a
4619 2644 35 23 68
4665 2650 64 17 aus.
4744 2655 31 7 —
4794 2644 38 24 M.
4849 2644 91 26 l'abbé

4188 2670 95 26 Victor
4305 2672 111 26 Gostaz,
4438 2672 143 25 chanoine
4603 2673 152 25 honoraire
4777 2673 37 25 de
4834 2674 105 32 Bellay.

4186 2700 31 25 51
4231 2707 64 20 ans,
4308 2706 17 18 a
4342 2701 91 24 Anton
4441 2702 242 35 (Seine-et-Oise).
4696 2702 26 25 Il
4740 2703 70 24 était
4828 2708 39 19 un
4886 2703 53 26 des

4187 2729 195 28 descendants
4391 2730 36 27 de
4438 2730 238 27 Brillat-Savarin.

4220 2779 73 20 COUX
4317 2778 80 27 COEUR
4421 2779 35 21 DE
4478 2778 105 28 MARIE,
4606 2780 93 21 SOYEZ
4725 2780 62 20 MON
4804 2779 89 27 SALUT
4903 2780 12 27 !

4393 2811 55 18 (300
4468 2810 67 20 jours
4567 2811 173 20 d'indulgence)

4255 2870 141 71 ECHOS
4496 2870 390 72 RELIGIEUX

4454 2966 72 40 Mgr
4547 2966 127 40 Albouy

4218 3016 28 26 S.
4257 3018 27 24 S.
4298 3018 50 24 Pie
4362 3018 25 25 X
4401 3017 77 26 vient
4491 3018 123 26 d'élever
4625 3019 39 25 M.
4676 3020 29 24 le
4714 3019 175 32 curé-doyen
4902 3021 40 26 de

4188 3050 194 26 Saint-Sernin
4393 3052 18 24 à
4427 3052 30 25 la
4469 3051 111 32 dignité
4593 3052 37 26 de
4648 3054 195 31 protonotaire
4858 3060 83 25 apos-

4187 3084 115 33 tolique.

4218 3119 81 25 Nous
4313 3126 74 18 nous
4400 3121 138 24 unissons
4551 3126 58 20 aux
4619 3121 201 28 Toulousains,
4836 3124 29 23 et
4880 3128 62 25 par-

4187 3153 210 25 ticulièrement
4411 3160 57 19 aux
4488 3155 176 30 paroissiens
4683 3155 39 25 de
4736 3157 202 27 Saint-Sernin,

4187 3193 71 25 pour
4283 3188 150 31 applaudir
4458 3190 288 29 respectueusement
4776 3196 43 19 au
4833 3191 105 26 nouvel

4186 3221 133 27 honneur
4341 3223 70 24 dont
4429 3225 44 23 est
4494 3223 96 31 l'objet
4616 3225 64 30 Mgr
4708 3225 118 31 Albouy,
4847 3225 94 31 prêtre

4186 3260 131 21 eminent
4337 3263 51 23 par
4414 3258 30 23 la
4470 3259 81 23 vertu
4574 3261 31 21 et
4631 3259 29 23 la
4683 3259 117 25 charité,
4826 3260 115 29 insigne

4186 3289 154 26 fondateur
4353 3290 151 33 d''couvres,
4518 3290 240 28 administrateur
4765 3292 36 25 de
4816 3293 125 31 premier

4186 3322 95 29 ordre,
4288 3325 126 24 écrivain
4427 3325 163 30 catholique
4600 3326 166 29 justement
4775 3327 165 30 remarqué.

4242 3426 308 46 OEUVRES
4599 3428 89 44 DE
4742 3428 147 43 MER

4371 3501 238 34 Souscriptions
4633 3509 113 27 reçues

4266 3535 44 28 du
4330 3536 42 27 21
4395 3535 132 28 octobre
4548 3542 42 21 au
4616 3535 46 29 1er
4684 3535 175 28 novembre

4213 3586 66 22 Mme
4295 3585 98 25 Bricon,
4414 3587 15 22 S
4445 3587 33 21 fr.
4498 3597 25 6 —
4540 3587 33 21 M.
4593 3589 26 19 G.
4643 3588 164 23 Romazzotti,
4819 3589 27 19 10
4861 3586 31 23 tr.
4913 3597 31 8 —

4187 3612 31 20 M.
4232 3613 35 23 P.,
4278 3613 14 20 il
4315 3613 94 22 Rouen,
4429 3614 9 19 1
4446 3613 41 20 000
4499 3612 30 21 fr.
4543 3621 26 8 —
4583 3613 31 20 M.
4636 3612 81 22 l'abbé
4737 3613 83 22 Jobet,
4837 3613 14 20 5
4862 3612 36 22 fr.
4911 3622 29 8 —

4187 3637 66 21 Mme
4264 3637 130 24 Mourtler,
4407 3640 25 19 10
4443 3637 31 21 fr.
4495 3648 22 5 —
4535 3638 30 21 M.
4581 3638 23 21 le
4616 3637 185 22 commandant
4811 3637 127 26 Gouland,

4187 3663 27 20 10
4224 3662 32 22 fr.
4269 3673 26 6 —
4307 3663 30 21 M.
4354 3663 23 21 le
4385 3663 185 22 commandant
4580 3663 125 25 Gélébart,
4720 3664 26 20 20
4758 3663 32 21 fr.
4803 3673 25 6 —
4840 3663 31 21 M.
4881 3664 60 22 Cou-

4187 3688 48 24 sin,
4248 3690 26 20 10
4282 3688 32 22 fr.
4325 3698 27 7 —
4363 3689 30 21 M.
4408 3689 23 21 le
4450 3690 185 21 commandant
4650 3690 65 21 Leon
4729 3688 73 28 Pujo,
4818 3689 29 22 20
4864 3689 32 22 fr.
4915 3699 27 8 —

4186 3714 66 22 Mme
4266 3715 65 21 Léon
4340 3714 73 27 Pujo,
4426 3715 26 21 10
4466 3714 32 22 fr.
4510 3725 25 5 —
4548 3714 29 22 M.
4597 3715 87 25 Audic,
4691 3716 26 20 10
4731 3714 30 22 fr.
4771 3725 26 6 —
4810 3716 30 20 M.
4854 3714 27 28 V.
4894 3715 44 23 Pa-

4184 3739 48 27 jot,
4244 3741 27 19 30
4281 3739 33 22 flr.
4324 3750 27 7 —
4364 3739 54 22 MM.
4431 3740 79 21 Vidor
4525 3739 47 29 fils,
4584 3742 27 20 50
4631 3741 30 21 fr.
4683 3750 27 7 —
4722 3741 30 20 M.
4773 3742 23 20 J.
4810 3741 127 28 Lefebvre,

4186 3767 40 20 100
4248 3765 30 23 fr.
4303 3776 26 7 —
4354 3766 31 22 M.
4402 3765 24 23 le
4442 3766 184 23 commandant
4650 3767 143 26 Descamps,
4815 3768 26 21 20
4862 3767 30 21 ir.
4913 3777 29 9 —

4187 3792 22 21 M
4237 3792 135 24 Marinoni.
4383 3793 27 20 20
4430 3792 31 22 fr.
4482 3803 25 5 —
4526 3795 54 22 An.,
4599 3794 27 21 20
4640 3792 30 22 fr.
4693 3803 25 6 —
4733 3794 65 20 Mme
4816 3794 25 20 E.
4855 3794 85 26 Molin,

4186 3818 50 21 Vve
4255 3818 91 25 Guyot,
4362 3819 11 19 1
4395 3817 32 23 fr.
4450 3827 26 7 —
4494 3818 66 21 Mme
4580 3819 31 21 de
4630 3818 146 24 Brullenail,
4797 3819 39 21 200
4859 3818 30 22 fr.
4912 3829 27 7 —

4185 3843 31 21 M.
4229 3843 108 22 Aristide
4349 3842 116 28 Chapon,
4474 3845 25 20 15
4511 3844 32 20 fr.
4551 3853 28 7 —
4589 3844 31 21 M.
4633 3844 220 23 Raveret-Wattel,
4861 3845 28 20 *0
4901 3844 33 24 tr.

4184 3878 27 7 —
4224 3869 65 21 Mme
4297 3870 25 20 C.
4335 3870 109 26 Duprey,
4459 3870 26 20 SO
4496 3868 33 23 fr.

4212 3894 98 21 Comité
4328 3895 32 20 de
4383 3894 136 24 Versailles
4529 3899 10 16 :
4550 3895 67 22 Mme
4628 3896 28 20 β.
4670 3895 185 24 Delafontaine,
4868 3897 26 19 10
4905 3896 33 22 flr.

4216 3932 146 25 Adresser
4389 3933 42 24 les
4457 3932 158 31 offrandes
4640 3933 21 25 d
4685 3934 33 24 la
4746 3932 116 26 Société
4888 3933 52 26 des

4186 3961 125 26 OEuvres
4339 3961 38 26 de
4403 3966 75 23 mer,
4502 3960 56 30 18,
4593 3968 60 19 rue
4682 3961 44 27 La
4764 3961 175 31 Trémoille,

4184 3989 104 31 Paris,
4310 3991 92 27 VHP.

3379 4179 985 158 Dernières
4771 4199 153 138 £

3987 4381 928 158 Nouvelles

3613 4680 274 52 ROME

3464 4782 54 35 (De
3531 4785 83 26 notre
3624 4783 226 34 correspondant
3868 4783 178 36 particulier)

3533 4828 98 30 Rome,
3645 4831 17 24 4
3673 4830 166 27 novembre,
3856 4831 13 24 1
3889 4830 25 25 h.
3929 4831 32 24 50
3974 4830 68 25 soir.

3408 4873 222 34 Aujourd'hui,
3648 4873 30 28 le
3691 4874 36 27 R.
3743 4874 33 27 P.
3798 4872 128 36 Denifle,
3942 4873 192 29 sous-archi-

3374 4907 84 29 viste
3471 4907 44 28 du
3530 4907 139 32 Vatican,
3684 4909 148 33 présenta
3848 4915 41 21 au
3908 4908 83 34 Pape
4005 4915 59 21 son
4078 4914 55 21 ou-

3374 4948 97 29 vrage
3491 4948 57 23 sur
3572 4941 119 30 Luther
3717 4944 32 26 et
3775 4941 30 30 le
3826 4941 230 31 luthéranisme
4077 4941 55 37 qui

3374 4977 66 26 fera
3460 4976 119 35 grande
3598 4977 191 34 impression
3807 4983 56 21 sur
3886 4977 30 28 le
3934 4977 115 27 monde
4064 4984 68 28 pro-

3372 5012 128 27 testant.

3409 5044 44 28 Le
3463 5045 82 34 Pape
3559 5052 18 20 a
3590 5052 76 25 reçu
3679 5044 30 28 le
3721 5044 172 29 Séminaire
3914 5047 131 31 romain,
4060 5045 71 40 pré-

3374 5079 89 28 senté
3479 5086 55 27 par
3546 5079 63 28 Son
3622 5079 170 28 Eminenee
3805 5079 27 28 le
3839 5080 272 28 cardinal-vicaire
4118 5090 9 23 ;

3375 5113 30 27 le
3414 5113 156 28 chanoine
3581 5114 82 32 Otto,
3677 5113 40 28 de
3730 5113 221 29 Saint-Brieuc.
3961 5114 117 35 chargé
4091 5114 41 28 de

3375 5147 161 35 présenter
3565 5149 28 27 le
3618 5147 114 28 Denier
3757 5147 38 29 de
3822 5147 204 29 Saint-Pierre
4051 5150 29 25 et
4103 5148 28 28 la

3374 5181 132 30 relation
3521 5181 40 32 de
3571 5182 28 29 ia
3606 5181 93 30 visite
3709 5180 155 37 pastorale
3873 5181 38 30 de
3923 5189 59 23 son
3993 5182 135 36 évêque;

3372 5215 144 37 M.l'ahbé
3531 5215 155 38 Beyinger,
3693 5216 210 37 représentant
3908 5218 70 34 Mgr
3986 5217 144 35 l'évêque

3372 5250 41 29 de
3427 5251 92 28 Metz.

3887 5285 34 30 B.
3935 5286 128 29 SlENNE.

3597 5356 45 24 LA
3668 5357 58 23 LOI
3754 5357 167 24 FALLOUX
3941 5364 10 11 ·

3507 5394 48 24 ET
3580 5395 142 24 L'UNION
3749 5397 264 25 REPUBLICAINE

3405 5432 41 26 Le
3463 5433 74 28 vote,
3552 5439 131 27 presque-
3695 5434 149 26 unanime,
3859 5434 37 26 de
3913 5435 115 25 l'Union
4043 5435 85 31 répu-

3374 5462 134 29 blicaine,
3528 5468 19 20 a
3568 5464 48 25 été
3632 5464 74 25 émis
3724 5464 85 26 après
3826 5464 54 25 des
3898 5465 235 26 considérations

3375 5493 152 32 générales
3542 5493 71 26 dout
3628 5494 69 25 voici
3713 5494 26 25 le
3753 5494 116 25 résumé
3884 5501 7 18 :

3585 5542 55 26 Les
3659 5543 111 33 motifs
3788 5542 46 25 du
3855 5545 67 24 vote

3406 5584 41 25 La
3460 5584 124 25 réunion
3591 5584 18 25 à
3618 5584 250 32 laquellemon
3880 5586 197 31 républicaine
4086 5588 46 24 est

3374 5613 119 26 conviée
3510 5619 18 18 a
3551 5619 73 27 pour
3641 5615 51 25 but
3707 5614 159 26 d'élaborer
3879 5620 41 21 un
3941 5616 68 31 plan
4027 5622 38 20 en
4077 5622 56 20 vue

3374 5644 38 25 de
3433 5643 163 32 supprimer
3627 5644 242 32 l'enseignement
3897 5647 234 35 congréganiste,

3374 5668 132 30 d'établir
3514 5679 58 21 une
3581 5676 118 24 entente
3709 5675 147 29 préalable
3863 5678 83 23 entre
3953 5677 44 24 les
4004 5683 127 25 groupes

3376 5703 188 25 ministériels
3575 5704 37 24 de
3625 5705 29 24 la
3664 5704 152 25 Chambre.

3405 5733 77 25 C'est
3495 5739 37 19 au
3546 5736 230 29 gouvernement
3789 5733 67 33 qu'il
3870 5736 164 32 appartient
4046 5736 85 26 d'éla-

3376 5763 84 26 borer
3473 5769 56 19 son
3543 5769 193 26 programme,
3753 5769 49 20 ses
3821 5764 117 31 projets.
3953 5765 42 26 Le
4012 5765 121 27 Cabinet

3377 5799 18 19 a
3409 5792 54 26 fait
3474 5794 149 26 connaître
3638 5794 43 24 les
3694 5793 89 25 siens.

3407 5822 24 27 Il
3446 5829 24 21 a,
3488 5829 36 19 en
3539 5828 32 21 ce
3585 5824 46 31 qui
3645 5823 103 26 touche
3763 5823 249 35 l'enseignement,
4024 5825 107 31 déposé

3376 5854 29 25 le
3418 5852 92 34 projet
3524 5853 70 25 dont
3615 5854 26 24 le
3655 5854 88 25 Sénat
3763 5856 47 23 est
3830 5855 79 25 saisi.
3924 5856 47 24 On
3994 5861 74 20 nous
4081 5856 48 26 de-

3377 5884 108 24 mande
3498 5883 37 25 de
3550 5889 75 19 nous
3637 5884 159 25 substituer
3811 5884 18 24 à
3843 5884 48 25 lui.

3408 5913 30 25 Si
3460 5913 57 25 l'on
3532 5913 107 26 adhère
3657 5919 39 20 au
3715 5914 91 30 projet
3821 5916 269 30 gouvernemental,
4113 5916 19 25 il

3378 5946 46 23 est
3443 5943 116 26 évident
3581 5949 56 26 que
3659 5944 81 25 toute
3764 5945 84 24 autre
3869 5943 190 27 délibération
4086 5946 47 26 est

3377 5974 156 31 superflue.

3409 6004 27 25 Si
3452 6010 38 18 on
3504 6009 38 19 ne
3556 6005 119 30 partage
3695 6009 53 27 pas
3768 6004 42 26 les
3823 6010 73 20 vues
3915 6005 39 25 du
3973 6011 159 26 gouverne-

3379 6036 90 25 ment,
3491 6033 19 24 il
3535 6035 47 24 est
3600 6032 118 27 difficile
3739 6035 171 31 d'imaginer
3934 6035 52 25 des
4008 6040 127 27 groupes

3379 6063 187 27 ministériels
3581 6069 32 20 se
3627 6064 168 25 réunissant
3808 6070 72 26 pour
3897 6065 161 26 substituer
4072 6066 62 25 leur

3379 6099 187 28 programme
3579 6099 37 21 au
3628 6095 73 25 sien.

3409 6125 83 26 Alors
3506 6125 96 27 même
3613 6131 56 26 que
3683 6125 114 26 l'Union
3809 6124 196 31 républicaine
4013 6126 123 26 n'aurait

3381 6162 52 26 pas
3448 6156 96 24 donné
3559 6162 54 19 son
3635 6156 139 26 adhésion
3794 6162 38 19 au
3848 6159 91 31 projet
3952 6157 38 24 du
4005 6156 129 31 Cabinet,

3379 6186 56 26 elle
3449 6186 111 25 devrait
3571 6193 33 20 se
3614 6186 114 26 refuser
3741 6187 18 23 à
3773 6185 188 28 sanctionner
3969 6194 40 19 un
4024 6185 111 29 modus

3379 6216 128 27 vivendi
3521 6217 48 31 qui
3584 6216 69 27 tend
3667 6217 18 25 à
3704 6216 115 27 fausser
3833 6218 82 25 notre
3929 6218 129 31 système
4073 6224 63 25 par-

3380 6247 179 26 lementaire.

3411 6277 88 25 Notre
3513 6276 192 27 Constitution
3724 6282 127 28 supposé
3870 6278 28 27 la
3914 6279 73 27 libre
4002 6279 137 26 délibéra-

3380 6308 61 25 tion
3462 6307 121 31 séparée
3598 6309 52 24 des
3669 6308 77 26 deux
3761 6309 190 27 assemblées.
3967 6311 24 25 Il
4007 6310 130 26 n'existe,

3382 6338 70 25 chez
3476 6343 84 22 nous,
3584 6338 110 26 d'autre
3720 6339 119 31 pouvoir
3872 6341 184 25 modérateur
4082 6345 57 28 que

3381 6369 73 26 celui
3478 6368 49 32 qui
3555 6374 32 21 se
3608 6369 111 35 dégage
3742 6370 38 26 de
3801 6370 29 25 la
3849 6369 71 27 libre
3940 6372 141 25 initiative
4103 6371 39 26 de

3382 6399 112 33 chaque
3509 6400 164 26 assemblee
3686 6401 30 24 et
3723 6400 70 26 c'est
3804 6401 19 25 à
3834 6401 75 26 cette
3915 6401 148 26 condition
4071 6407 68 20 seu-

3382 6432 110 23 lement
3505 6437 57 23 que
3582 6431 130 25 chacune
3730 6432 99 24 d'elles
3848 6438 32 17 se
3894 6435 101 21 trouve
4009 6434 132 23 soumise

3383 6466 38 19 au
3432 6459 131 27 contrôle
3577 6460 36 26 de
3627 6460 112 26 l'autre.

3415 6489 38 28 Le
3474 6489 91 32 projet
3579 6491 47 32 qui
3650 6497 73 20 nous
3739 6492 46 25 est
3799 6491 111 27 soumis
3926 6493 137 26 accentue
4079 6497 56 21 une

3383 6519 137 27 méthode
3533 6520 185 32 dangereuse
3730 6522 49 30 qui
3795 6522 68 25 tend
3879 6523 16 24 à
3919 6523 95 31 placer
4029 6524 26 23 te
4070 6529 70 23 gou-

3382 6552 182 27 vernement,
3575 6557 59 19 non
3646 6551 76 25 dans
3738 6553 42 23 tes
3792 6552 173 28 ministères,
3976 6553 74 25 mais
4063 6552 75 26 dans

3384 6581 43 24 les
3444 6585 125 29 groupes
3578 6588 6 16 :
3597 6581 111 25 ceux-ci
3723 6579 161 27 délibèrent
3897 6585 29 21 et
3941 6583 28 24 le
3981 6588 159 25 gouverne-

3385 6611 82 25 ment
3480 6610 67 26 suit.

3414 6640 76 26 C'est
3504 6640 27 25 la
3545 6640 84 26 ruine
3640 6641 36 26 de
3686 6641 78 25 toute
3778 6641 123 27 autorité
3912 6648 229 26 gouvernemen-

3385 6671 60 27 tale
3458 6673 29 24 et
3512 6677 56 20 une
3588 6672 138 27 véritable
3748 6666 137 35 amarchie
3907 6671 136 34 politique
4058 6673 83 31 puis-

3386 6701 103 31 qu'elle
3506 6701 81 30 place
3606 6703 28 23 la
3647 6701 139 29 direction
3810 6702 29 27 là
3855 6703 38 26 où
3907 6697 25 31 il
3946 6703 46 32 n'y
4007 6710 18 18 a
4040 6709 55 26 pas
4109 6703 36 26 de

3387 6730 249 36 responsabilités.

4218 4696 38 26 Ce
4270 4697 75 25 n'est
4357 4703 52 31 pas
4423 4703 38 20 au
4474 4698 90 25 Sénat
4575 4699 37 25 de
4632 4699 114 26 donner
4760 4707 35 20 sa
4807 4698 126 37 sanction

4187 4725 19 25 à
4216 4732 42 19 un
4271 4727 38 24 tel
4324 4726 153 26 solécisme
4492 4730 265 27 gouvernemental.

4218 4754 24 27 Il
4257 4756 81 25 suffit
4348 4755 179 27 d'examiner
4540 4756 44 27 les
4596 4757 138 26 résultats
4749 4760 128 29 produits
4890 4767 51 25 par

4186 4784 29 26 le
4225 4785 53 32 jeu
4292 4789 181 28 permanent,
4487 4787 30 25 et
4536 4792 58 21 non
4616 4794 52 25 pas
4689 4789 165 26 seulement
4866 4793 76 25 acci-

4187 4814 96 27 dentel
4298 4817 19 24 à
4329 4816 29 26 la
4371 4817 151 28 Chambre,
4537 4818 37 25 de
4586 4820 74 25 cette
4679 4820 142 25 méthode.

4221 4846 101 25 Placée
4337 4852 37 19 en
4395 4848 62 24 face
4474 4847 36 25 de
4528 4848 71 25 trois
4617 4851 99 23 autres
4735 4855 124 25 groupes
4872 4858 6 16 :
4895 4858 45 18 so-

4186 4876 137 28 cialistes,
4338 4877 272 27 radical-socialiste,
4626 4879 116 28 radical,
4761 4879 113 25 l'Union
4892 4881 49 27 dé-

4187 4907 178 31 mocratique
4380 4907 36 25 de
4430 4908 28 23 la
4471 4908 142 26 Chambre
4628 4908 47 26 n'a
4686 4909 109 30 jamais
4812 4910 94 26 réussi
4920 4911 22 29 A

4187 4936 72 26 faire
4269 4937 140 32 prévaloir
4429 4937 53 25 des
4494 4938 142 26 solutions
4654 4945 169 27 moyennes,
4836 4946 105 22 encore

4186 4968 97 25 moins
4299 4975 50 18 ses
4362 4975 117 30 propres
4493 4975 79 19 vues.

4217 4997 74 27 Sans
4303 4997 96 26 doute,
4413 4998 43 25 les
4475 4998 134 27 hommes
4623 4999 153 32 politiques
4794 5000 38 24 du
4853 5000 89 28 Sénat

4187 5029 30 24 et
4228 5028 38 25 de
4279 5029 28 23 la
4320 5027 143 25 Chambre
4481 5034 34 18 se
4539 5030 68 24 sont
4627 5030 107 26 parfois
4753 5030 98 24 réunis
4871 5036 71 24 pour

4188 5057 141 26 délibérer
4344 5064 38 19 en
4401 5063 154 22 commun;
4577 5056 76 28 mais
4670 5059 42 26 les
4726 5060 216 26 circonstances

4187 5088 110 25 étaient
4319 5088 149 31 tragiques
4491 5090 37 25 et,
4552 5089 156 25 au-dessus
4727 5089 36 27 de
4785 5092 94 23 toutes
4899 5092 43 25 les

4187 5117 188 36 divergences
4400 5116 170 37 a'opinions,
4594 5119 164 26 s'affirmait
4779 5119 29 25 la
4827 5118 116 28 volonté

4188 5153 142 20 unanime
4341 5149 31 24 et
4384 5147 167 31 supérieure
4559 5147 37 26 de
4610 5149 196 31 sauvegarder
4821 5149 44 25 les
4883 5150 61 26 ins-

4186 5177 142 26 titutions.

4218 5209 67 25 Seul
4311 5210 28 23 le
4363 5212 230 28 gouvernement
4612 5212 69 27 peut
4703 5211 101 29 opérer
4831 5216 41 19 un
4888 5210 49 32 tel

4187 5237 156 33 arbitrage.

4214 5266 181 28 L'accession
4413 5268 40 26 du
4468 5269 89 25 Sénat
4570 5270 18 25 à
4601 5275 49 21 ces
4663 5271 132 25 Conseils
4810 5271 133 32 amphyc-

4187 5298 149 32 tioniques
4342 5304 39 20 ne
4388 5298 85 26 ferait
4485 5305 58 25 que
4555 5305 189 21 consommer
4751 5300 191 30 l'hégémonie

4187 5330 37 24 de
4243 5330 215 31 quelques-uns
4478 5335 52 19 sur
4547 5329 29 26 la
4594 5331 134 32 majorité
4748 5331 52 24 des
4819 5331 125 31 républi-

4188 5360 91 24 cains.

4217 5388 25 28 Il
4256 5389 47 32 n'y
4316 5396 18 19 a
4343 5390 63 26 rien
4416 5389 38 27 de
4466 5391 161 29 semblable
4640 5392 192 33 aujourd'hui.

4221 5419 42 27 La
4276 5420 90 26 vérité
4380 5421 59 24 très
4451 5422 104 30 simple
4570 5425 46 23 est
4629 5424 106 31 qu'une
4748 5424 87 26 faible
4852 5426 91 30 partie

4186 5449 38 26 de
4252 5450 30 25 la
4315 5451 144 31 majorité,
4488 5451 28 25 la
4547 5454 64 29 plus
4642 5459 136 23 avancee,
4821 5461 123 24 éprouve

4186 5482 126 34 quelque
4331 5482 139 24 difficulté
4484 5482 19 25 à
4521 5484 128 24 sacrifier
4663 5485 16 24 à
4700 5490 54 20 son
4772 5485 172 26 ministéria-

4185 5511 87 35 lisme
4300 5518 49 20 ses
4374 5518 118 26 propres
4518 5514 185 31 conceptions
4724 5521 52 19 sur
4800 5520 40 20 un
4865 5517 79 31 sujet

4187 5543 175 30 particulier;
4379 5545 36 25 et,
4433 5549 70 25 pour
4514 5549 35 19 sa
4559 5545 65 30 plus
4632 5546 111 28 grande
4757 5544 186 31 commodité.

4186 5572 57 25 elle
4271 5572 133 25 souhaite
4435 5578 57 24 que
4522 5572 28 28 le
4579 5577 230 33 gouvernement
4845 5577 29 23 et
4899 5576 46 26 les

4186 5603 100 24 autres
4306 5601 192 34 republicains
4522 5604 158 28 sacrifient,
4696 5610 66 22 eux,
4780 5603 77 27 leurs
4877 5611 68 20 con-

4187 5631 130 27 victions,

4219 5662 127 26 L'Union
4362 5663 198 31 républicaine
4576 5670 38 21 ne
4632 5665 112 25 saurait
4762 5667 96 25 entrer
4868 5666 74 27 dans

4187 5698 49 19 ces
4251 5698 79 21 vues,
4346 5695 38 27 et,
4393 5694 169 29 puisqu'elle
4576 5701 17 17 a
4608 5695 223 25 unanimement
4843 5696 100 26 décidé

4186 5721 38 26 de
4237 5722 131 25 soutenir
4382 5722 28 25 le
4428 5723 91 31 projet
4537 5727 269 26 gouvernemental,
4821 5726 55 24 elle
4897 5726 46 25 n'a

4188 5752 81 30 point
4286 5753 19 24 à
4325 5752 123 31 prendre
4467 5754 64 29 part
4554 5753 18 25 à
4590 5754 55 26 des
4665 5755 207 26 délibérations
4894 5756 50 31 qui

4187 5784 52 23 ont
4251 5788 73 25 pour
4336 5782 54 26 but
4408 5783 38 25 de
4461 5783 29 25 le
4510 5783 129 33 sacrifier
4654 5785 18 24 à
4685 5785 128 25 d'autres
4826 5792 119 25 concep-

4188 5811 86 26 tions.

4220 5871 39 27 Le
4272 5872 110 26 bureau
4397 5871 36 26 de
4446 5872 30 25 la
4491 5874 113 28 gauche
4617 5874 218 31 démocratique
4850 5875 44 25 ira
4911 5880 32 21 ce

4188 5901 60 25 soir
4261 5901 18 25 à
4289 5901 18 23 β
4322 5900 104 26 heures
4440 5902 166 27 s'entendre
4619 5908 71 21 avee
4703 5903 44 26 les
4759 5903 139 31 délégués
4908 5905 38 28 d*

4188 5930 29 25 la
4228 5929 152 27 Chambre.

4220 5987 118 26 L'échec
4350 5987 54 25 des
4418 5988 181 30 pourparlers
4613 5990 84 23 entre
4708 5989 44 25 les
4766 5995 126 25 groupes
4908 5990 36 28 de

4187 6015 31 26 la
4232 6017 134 30 majorité
4379 6016 37 25 de
4429 6015 32 27 la
4472 6011 142 32 Chambre
4628 6019 28 24 et
4672 6018 40 25 du
4725 6017 89 27 Sénat
4828 6024 17 19 a
4857 6020 88 26 causé

4189 6052 40 19 un
4251 6046 92 32 grand
4369 6045 270 32 désappointement
4664 6054 59 19 aux
4743 6047 137 32 délégués
4906 6048 39 27 du

4190 6084 13 14 «
4225 6075 63 26 bloc
4309 6083 24 19 ».
4350 6075 37 25 M.
4413 6076 118 31 Maujan
4556 6076 96 26 donne
4678 6083 49 19 ses
4756 6078 190 31 impressions

4190 6104 74 27 dans
4285 6106 42 26 les
4348 6105 124 26 couloirs
4492 6106 37 26 de
4551 6106 29 26 la
4603 6107 152 27 Chambre,
4780 6114 36 19 en
4835 6110 110 25 termes

4190 6136 61 26 très
4265 6142 107 20 amers.

4222 6166 117 32 D'après
4353 6165 49 28 lui,
4418 6166 38 27 M.
4469 6166 300 26 Waldeck-Rousseau
4786 6168 89 25 serait
4888 6176 14 16 «
4917 6169 27 25 le

4191 6198 72 35 pelé,
4292 6197 28 25 le
4337 6197 106 31 galeux
4456 6196 66 26 d'où
4548 6196 141 27 viendrait
4711 6198 64 25 tout
4797 6198 27 26 le
4850 6198 59 25 mai
4922 6206 25 18 ».

4191 6227 69 27 MM.
4272 6227 44 28 les
4341 6226 146 26 membres
4506 6226 38 26 du
4564 6227 112 26 Comité
4694 6227 41 26 du
4753 6227 79 26 salut
4850 6228 97 31 publie

4192 6258 40 26 lui
4247 6264 37 21 en
4298 6257 123 31 gardent
4433 6262 57 20 une
4503 6257 70 25 dent
4586 6258 138 25 sérieuse.

4223 6288 41 26 La
4278 6288 113 33 plupart
4404 6288 52 25 des
4469 6287 146 27 membres
4629 6287 36 25 de
4677 6287 114 26 l'Union
4803 6287 147 27 démocra-

4193 6319 79 31 tique
4283 6321 52 23 ont
4346 6318 138 28 accueilli,
4501 6324 37 19 au
4557 6320 150 27 contraire,
4724 6319 75 25 cette
4817 6319 135 27 nouvelle

4195 6354 70 21 avec
4277 6354 58 20 une
4348 6348 185 26 satisfaction
4541 6348 140 27 évidente.

4227 6420 43 27 Dé
4282 6420 82 27 notre
4377 6418 228 33 correspondant
4621 6419 36 26 de
4670 6419 141 32 Lesparre
4822 6430 6 16 :

4230 6463 38 25 Le
4302 6462 175 37 liquidateur
4506 6461 52 26 des
4592 6462 81 26 biens
4703 6462 52 26 des
4788 6463 101 26 Frères
4916 6465 39 27 de

4198 6487 149 34 Pibërmel,
4363 6493 37 26 M.
4418 6493 192 27 Lecouturier.
4633 6493 172 26 abandonne
4825 6500 48 19 ses
4893 6496 61 31 pré-

4195 6525 129 23 tentions
4336 6525 18 23 à
4364 6525 29 23 la
4404 6525 189 25 confiscation
4599 6524 38 26 de
4650 6525 26 23 ta
4689 6524 113 26 maison
4814 6526 140 26 autrefois

4195 6559 125 26 occupée
4334 6560 52 25 par
4395 6560 49 19 ces
4456 6555 139 30 religieux
4609 6556 18 23 à
4640 6555 114 25 Branne
4767 6555 154 30 (Gironde).

4228 6584 189 24 L'immeuble
4426 6585 46 24 est
4479 6584 102 30 depuis
4593 6586 167 29 longtemps
4770 6584 31 24 la
4812 6585 141 30 propriété

4198 6611 129 33 légitime
4341 6613 36 26 de
4395 6613 29 25 la
4437 6613 143 32 Fabrique
4593 6615 38 26 de
4648 6614 110 32 l'église
4775 6614 36 25 de
4829 6620 33 19 ce
4878 6614 77 26 chef-

4198 6642 56 27 lieu
4269 6643 36 26 de
4319 6645 116 25 canton.

4230 6675 79 25 Cette
4327 6674 134 27 reculade
4479 6674 36 26 de
4526 6674 113 35 l'agent
4658 6675 36 26 de
4713 6677 37 25 M.
4767 6675 122 27 Combes
4908 6679 47 23 es»

4199 6704 168 26 considérée
4386 6709 115 21 comme
4515 6710 61 22 une
4591 6706 116 26 défaite.
4727 6706 41 25 La
4787 6706 164 31 population

4200 6739 33 22 se
4247 6735 114 32 réjouit.
