5154 6969
4100 237 69 76 —
4189 237 135 56 Jeudi
4354 237 32 57 5
4415 242 199 55 ovembre
4644 241 134 66 1903

185 1970 80 27 Nous
284 1979 69 20 vous
367 1974 223 26 reconnaissons
604 1980 110 20 comme
727 1976 84 24 notre
825 1967 62 33 Sou-

151 2004 99 27 verain
279 2005 149 36 Seigneur
446 2010 30 23 et
503 2006 112 27 Maitre
637 2010 29 23 et
687 2014 109 20 comme
824 2004 78 37 Chef

149 2039 132 33 suprême
296 2039 35 27 de
346 2041 28 24 la
388 2039 103 28 Patrie
498 2040 169 33 française.

925 909 138 32 FRANCE
1086 907 11 33 (
1582 901 18 48 I
1613 901 32 48 S:
1664 902 13 49 )
1780 922 92 22 mua

987 951 18 18 *
1086 950 10 33 )
1117 956 39 21 Sii
1169 956 64 22 mois
1568 952 35 22 10
1613 951 32 23 flr.
1664 948 11 26 (
1703 955 59 26 port
1773 959 32 16 en
1816 958 44 18 nu

915 978 177 30 ALGERIE!
1116 982 38 21 Un
1166 986 32 17 an
1568 977 34 23 18
1614 977 32 23 tt.
1667 971 10 32 )

916 1023 64 20 Avec
985 1021 23 20 le
1019 1020 111 24 Pèlerin,
1136 1025 49 22 par
1194 1025 41 19 an,
1242 1020 35 22 20
1290 1019 100 22 fr.—On
1394 1024 60 17 avec
1460 1019 26 21 la
1494 1019 82 21 Croix
1581 1016 174 27 illustrée,par
1760 1014 76 23 an,22
1841 1013 32 22 fr.

917 1060 198 23 SUPPLÉMENT
1132 1062 233 20 HEBDOMADAIRE
1376 1066 6 15 :
1408 1057 101 23 CROIX
1524 1055 195 25 H.I.LiSTRKE,
1743 1059 17 17 8
1780 1055 93 21 PAGES

1975 888 67 32 24«
2051 888 160 31 ANNEE
2483 889 338 44 ©UOTIDIHfi
2875 901 13 24 s
2941 894 31 32 5
3027 892 319 42 CHfiTUVÏBS
3645 888 45 31 N"
3736 890 94 28 Q3i1

2002 950 276 58 Rédaction
2328 954 50 55 et
2437 952 420 57 administration
2896 969 13 40 :
2929 950 84 86 _5,
3064 953 107 56 Rue
3222 952 223 72 Bayard,
3490 952 156 65 Paris,
3699 952 115 57 VIII'

2107 1044 156 33 ADRESSE
2298 1035 291 43 TÉLÉGRAPHMHIF:
2607 1075 12 8 .
2630 1055 9 22 :
2681 1045 107 32 CROIX
2824 1030 194 47 PÂRÏSr"—
3058 1036 209 41 TÉLÉPHONE
3299 1054 10 24 :
3352 1044 119 33 514.36
3512 1057 36 8 —
3584 1045 118 33 524.45

4251 899 215 24 ABONNEMENT
4491 899 110 25 D'ESSAI

3973 930 35 22 La
4018 931 82 22 Croia
4110 931 40 21 est
4159 932 111 25 envoyée
4284 932 15 20 à
4311 932 81 21 l'essai
4400 932 184 26 gratuitement
4593 933 114 27 pendant
4717 938 50 19 une
4779 933 120 24 semaine»

4242 966 217 26 ABONNEMENT
4481 967 120 25 GLOBAL

3948 999 93 35 ,«ΡσβΓ
4050 1001 25 21 34
4079 1000 32 21 fr*
4117 1001 26 20 80
4154 1005 48 22 Par
4210 1005 80 19 an·on
4296 1001 66 25 re^oi
4366 1001 9 21 1
4380 1001 24 21 ,a
4411 1001 119 25 Croix'la
4544 1003 82 20 Grata
4634 1003 126 24 illustrée,
4766 1003 23 22 le
4793 1003 106 22 Pèlerin

3948 1025 99 21 IDiistré
4067 1030 31 17 en
4115 1025 116 22 eonleurs
4251 1027 140 21 contenant
4418 1026 35 21 les
4475 1027 129 21 nouvelles
4626 1027 136 29 politiques
4787 1029 25 20 et
4834 1028 67 27 agri-

3948 1051 76 21 cole?.
4033 1050 23 22 la
4067 1052 42 19 Vie
4120 1053 45 19 des
4173 1053 97 22 Saints,
4278 1054 35 20 les
4326 1056 216 21 Contemporains
4550 1054 26 20 et
4585 1054 37 21 les
4633 1056 132 22 Questions
4769 1056 131 20 actuelles.

148 2199 145 101 LA
360 2193 533 113 JOURNÉE

164 2329 157 48 PARIS,
345 2329 61 47 LE
425 2328 34 48 4
491 2327 265 49 NOVEMBRE
785 2339 114 35 1903

180 2472 51 30 Le
251 2472 121 39 projet
392 2472 228 38 supprimant
648 2473 54 31 les
729 2473 172 33 bureaux

141 2509 45 31 de
214 2511 204 38 placement
441 2519 21 21 a
485 2511 55 31 été
564 2512 85 31 voté
672 2512 81 31 hier
772 2523 68 30 par
863 2514 36 31 la

140 2546 177 34 Chambre
345 2550 21 29 à
395 2559 69 21 une
491 2559 129 30 grosse
655 2552 165 38 majorité
831 2561 12 30 ;
870 2553 28 31 il

140 2595 96 24 reste
249 2588 20 31 à
283 2589 145 31 obtenir
441 2590 35 30 la
491 2590 165 31 sanction
671 2592 47 29 du
734 2593 119 30 Sénat.

179 2629 242 37 Aujourd'hui
452 2629 193 39 mercredi,
669 2631 94 30 suite
788 2633 46 28 de
860 2632 37 29 la

139 2666 206 31 discussion
361 2667 47 29 du
423 2668 149 37 budget.

179 2707 34 29 A
238 2715 69 21 une
332 2706 89 30 mise
446 2716 46 20 en
508 2708 171 29 demeure
695 2708 63 31 des
781 2709 117 31 socia-

140 2744 115 39 listes,
270 2747 47 29 M.
333 2746 151 30 Combes
505 2755 20 21 a
549 2747 165 37 répondu
737 2756 45 22 en
804 2749 92 29 s'en·

141 2790 155 32 gageant
315 2785 21 29 à
359 2785 141 31 activer
523 2785 44 30 de
586 2790 80 26 tous
686 2794 58 22 ses
769 2787 126 30 efforts

138 2822 36 30 la
201 2823 205 30 laïcisation
433 2824 64 30 des
532 2826 162 28 services
732 2827 166 37 péniten-

141 2861 126 29 tiaires
292 2867 36 24 et
355 2867 122 24 autres
512 2862 208 38 dépendant
755 2864 46 29 de
828 2872 67 21 son

141 2900 301 31 administration.

178 2940 53 28 En
260 2943 135 34 retour,
423 2940 53 29 les
504 2941 202 30 socialistes
740 2941 52 31 lui
819 2945 75 35 ont,

137 2976 316 41 d'enthousiasme,
462 2980 84 29 voté
561 2980 52 29 les
621 2979 108 30 fonds
742 2985 150 26 secrets.

176 3018 60 28 Au
250 3017 138 37 budget
402 3018 63 28 des
476 3018 115 30 cultes
608 3020 46 28 M.
670 3018 116 30 l'abbé
803 3021 92 36 Gay-

140 3055 88 31 raud
244 3056 102 30 élève
362 3064 70 20 une
448 3057 189 38 éloquente
652 3059 241 43 protestation

138 3097 127 27 contre
285 3095 54 29 les
362 3095 83 30 vols
466 3095 254 31 d'indemnités
743 3104 152 23 concor-

137 3132 160 31 dataires
318 3134 88 29 dont
431 3138 83 26 sont
541 3135 169 30 victimes
735 3136 158 38 évêques

137 3173 35 28 et
186 3171 120 31 curés.

174 3248 39 30 L'
240 3258 18 20 «
286 3250 121 31 Union
436 3251 250 37 républicaine
720 3259 32 30 »,
785 3252 107 38 après

135 3288 106 30 avoir
254 3288 157 30 entendu
428 3290 46 29 M.
490 3290 401 39 Waldeck-Rousseau,

136 3334 23 23 a
173 3327 127 30 décidé
309 3328 46 30 de
369 3336 45 21 ne
427 3337 65 29 pas
503 3329 149 30 assister
660 3329 21 30 à
693 3329 37 30 la
736 3330 156 30 réunion

136 3366 65 29 des
216 3374 160 31 groupes
391 3367 44 29 de
452 3368 139 36 gauche
607 3368 43 29 de
666 3368 35 29 la
716 3368 175 30 Chambre

134 3408 37 26 et
182 3405 45 29 de
242 3405 164 30 soutenir
419 3405 34 30 le
468 3406 120 38 projet
602 3406 183 31 Chaumié.

173 3481 255 39 Aujourd'hui,
449 3483 192 38 mercredi,
660 3486 63 28 ont
742 3492 45 22 eu
815 3484 74 30 lieu

134 3521 92 30 trois
240 3521 174 29 réunions
428 3521 202 30 d'ouvriers
648 3523 45 29 de
708 3523 181 30 l'alimen-

134 3559 117 30 tation
279 3559 48 31 où
362 3559 72 30 l'on
461 3568 22 22 a
512 3561 188 30 vivement
728 3562 160 38 protesté

135 3602 127 27 oontre
273 3598 35 31 la
323 3599 49 30 loi
383 3599 105 30 votée
499 3600 80 31 hier
589 3599 108 39 parla
712 3601 175 31 Chambre

135 3641 34 26 et
185 3638 62 37 qui
259 3638 155 29 accorde
430 3638 85 39 cinq
530 3647 64 21 ans
614 3633 88 45 pour
720 3639 35 30 la
770 3640 118 37 dispa-

135 3675 110 30 rition
260 3677 65 29 des
336 3677 169 29 bureaux
518 3678 44 29 de
578 3678 215 37 placement.

173 3715 47 29 Ce
248 3715 77 29 soir
351 3724 21 20 a
397 3714 73 30 lieu
499 3724 70 21 une
598 3716 152 30 réunion
777 3717 45 30 de
850 3716 35 30 la

135 3753 236 30 Commission
387 3754 196 31 exécutive
598 3754 45 30 de
657 3755 36 29 la
712 3755 173 30 Confédé-

134 3792 118 32 ration
279 3793 49 29 du
356 3792 145 31 travail.
525 3795 54 29 On
605 3793 116 39 parle,
746 3801 87 24 sans
859 3802 29 30 y

134 3832 132 38 aroire,
281 3832 45 28 de
341 3832 113 36 grève
468 3830 186 39 générale.

174 3909 52 31 La
262 3909 213 39 population
511 3910 286 31 d'Armentières
834 3912 57 28 est

131 3948 247 45 péniblement
393 3948 149 31 affectée
557 3958 68 31 par
637 3948 135 32 l'échec
789 3950 44 29 de
848 3949 35 30 la

132 3989 230 39 proposition
376 3988 220 38 d'arbitrage
616 3988 21 30 à
659 3989 156 38 laquelle
834 3989 55 29 les

132 4026 272 29 circonstances
413 4026 166 31 diverses
590 4027 92 31 dans
691 4026 198 38 lesquelles

133 4064 70 29 elle
233 4073 38 21 se
293 4064 206 33 produisait
517 4065 224 37 obligeaient
760 4073 130 31 cepen-

134 4103 89 30 dant
235 4103 20 29 à
269 4102 205 31 s'attendre.

171 4143 195 38 Espérons,
391 4143 140 38 malgré
560 4146 89 37 tout,
668 4142 36 31 la
727 4143 53 30 fin
799 4143 90 30 d'un

132 4181 128 30 conflit
274 4183 162 28 ruineux
450 4190 96 29 pour
559 4186 93 25 tous.

169 4260 49 29 M.
233 4259 142 30 Loubet
389 4267 21 21 a
422 4259 111 29 visité
547 4267 42 21 ce
613 4259 114 30 matin
748 4260 142 38 l'expo-

132 4296 111 33 sition
257 4298 44 29 de
316 4297 312 38 chrysanthèmes.

168 4389 267 32 ETRANGER.
470 4403 39 7 —
542 4389 92 30 C'est
660 4388 228 40 aujourd'hui

128 4429 179 28 mercredi
325 4428 80 38 qu'a
423 4428 72 28 lieu
514 4428 20 29 à
553 4428 224 30 Wiesbaden
800 4430 89 29 l'en-

128 4470 130 27 trevue
285 4467 64 29 des
377 4466 101 30 deux
506 4474 212 31 empereurs
745 4467 142 31 d'Alle-

129 4513 133 30 magne
275 4509 37 27 et
331 4506 46 29 de
399 4504 143 31 Russie.
557 4506 31 29 Il
608 4505 118 38 paraît
749 4515 70 29 que
833 4506 55 30 les

130 4545 217 30 souverains
374 4544 149 30 doivent
551 4545 56 37 s'y
630 4552 160 31 occuper
821 4547 65 28 des

129 4584 147 31 affaires
290 4585 63 29 des
376 4583 174 31 Balkans.

169 4624 234 37 L'empereur
418 4623 44 28 de
484 4623 129 30 Russie
633 4626 37 26 et
691 4631 39 21 sa
750 4622 137 30 famille

129 4661 201 39 quitteront
371 4662 208 30 Darmstadt
616 4661 138 31 samedi
794 4668 95 33 pour

128 4702 151 30 revenir
293 4701 21 30 à
328 4701 376 38 Saint-Pétersbourg.

168 4741 72 29 Les
260 4740 177 30 élections
452 4739 242 39 municipales
714 4740 46 30 de
773 4741 117 30 New-

129 4779 107 31 York
250 4784 65 25 ont
327 4779 120 30 donné
469 4779 35 29 la
522 4778 156 31 victoire
698 4786 45 22 au
768 4779 123 30 candi-

129 4817 64 31 dat
205 4818 45 30 de
267 4819 213 37 Tammany,
497 4819 46 29 M.
560 4817 249 40 Mac-Clellan,
825 4817 63 39 qui

127 4865 51 22 va
192 4858 204 37 remplacer
414 4858 48 28 M.
482 4858 94 29 Low
599 4856 21 30 &
640 4857 36 29 la
699 4857 128 29 mairie
842 4856 46 30 de

128 4894 38 31 la
180 4896 139 37 grande
335 4895 83 30 cité.

169 4935 71 29 Les
267 4935 170 29 résultats
465 4935 66 28 des
565 4937 120 25 autres
710 4934 175 30 élections

128 4977 85 27 sont
233 4982 132 21 encore
388 4973 322 38 incomplètement
734 4979 154 24 connus.

169 5012 79 39 Une
264 5011 154 40 dépêche
433 5011 38 39 de
484 5012 248 36 Washington
747 5019 139 29 assure,

130 5051 144 39 d'après
308 5052 64 29 des
401 5049 255 32 informations
684 5049 201 39 officielles,

128 5099 71 27 que
235 5093 118 27 toutes
387 5089 53 29 les
475 5089 193 30 difficultés
706 5093 104 26 entre
849 5087 37 31 la

129 5129 132 29 Russie
276 5132 36 27 et
325 5128 35 30 le
374 5128 120 38 Japon
510 5133 82 25 sont
606 5127 281 30 heureusement

128 5167 157 36 réglées.

170 5206 72 29 Les
268 5205 191 30 dernières
485 5203 192 32 nouvelles
702 5204 47 30 de
775 5205 116 29 New-

129 5245 108 31 York
250 5245 182 37 signalent
448 5244 129 38 qu'une
596 5248 98 26 sorte
716 5244 45 29 de
785 5244 106 31 révo-

129 5283 121 31 lution
265 5285 102 29 vient
379 5283 172 31 d'éclater
565 5283 22 30 à
599 5284 173 29 Panama.

1003 1183 242 125 LA
1347 1174 322 133 LOI

960 1339 343 78 INTERPRÉTÉE
1330 1350 101 61 PAR
1458 1350 51 61 M.
1536 1347 181 63 COMBES

1002 1511 66 32 Les
1086 1511 135 32 articles
1240 1510 59 31 309
1317 1510 34 30 et
1370 1508 57 31 311
1447 1508 46 31 du
1509 1506 91 32 Code
1619 1506 100 40 pénal

964 1556 136 39 portent
1122 1563 66 30 que
1207 1564 17 19 «
1244 1554 75 31 tout
1337 1551 156 34 individu
1513 1550 73 38 qui,
1602 1550 117 30 volon-

963 1598 193 35 tairement,
1180 1604 85 24 aura
1296 1595 60 32 fait
1381 1594 60 32 des
1469 1594 174 31 blessures
1671 1600 46 23 ou

965 1641 95 40 porté
1077 1640 60 31 des
1151 1646 119 32 coups,
1285 1646 45 23 ou
1347 1638 143 30 commis
1507 1638 93 29 toute
1614 1637 99 30 autre

962 1685 153 29 violence
1128 1691 46 22 ou
1187 1682 95 31 voies
1295 1681 43 30 de
1352 1680 62 31 fait
1428 1690 29 26 »,
1472 1687 79 24 sera
1565 1679 149 38 passible

964 1725 101 33 d'une
1087 1725 98 40 peine
1210 1724 143 36 variant,
1373 1724 137 31 suivant
1530 1722 33 31 la
1585 1720 131 41 gravité

963 1768 62 32 des
1037 1769 172 30 blessures
1220 1769 35 30 et
1266 1769 32 29 le
1312 1766 170 31 caractère
1496 1765 61 31 des
1571 1765 147 30 circons-

963 1813 128 35 tances,
1106 1812 42 30 de
1161 1812 51 30 six
1227 1812 98 37 jours
1344 1810 21 30 à
1380 1810 90 30 deux
1483 1817 63 23 ans
1561 1808 155 37 d'empri-

962 1854 215 36 sonnement,
1184 1854 35 31 et
1232 1854 101 30 d'une
1347 1851 144 33 amende
1501 1850 43 32 de
1558 1850 38 31 16
1605 1850 111 31 francs

962 1897 21 32 à
995 1898 59 31 200
1068 1898 123 35 francs,
1203 1905 45 23 ou
1268 1896 42 31 de
1329 1895 86 32 deux
1435 1904 63 23 ans
1518 1894 21 31 à
1556 1894 78 39 cinq
1653 1902 62 22 ans

962 1940 359 40 d'emprisonnement,
1332 1940 34 30 et
1374 1938 44 32 de
1426 1938 41 32 16
1475 1938 51 32 à2
1535 1937 61 31 000
1602 1938 113 30 francs

962 1984 188 32 d'amende.

1000 2027 58 36 Or,
1069 2035 45 22 un
1118 2027 82 38 jour
1209 2027 42 31 de
1261 2025 76 32 l'été
1346 2025 42 32 de
1398 2026 65 30 l'an
1476 2025 147 32 dernier,
1634 2032 80 31 pen-

961 2070 83 32 dant
1053 2071 120 38 quatre
1180 2070 136 34 heures,
1332 2069 49 30 les
1395 2068 222 35 anarchistes,
1629 2075 82 23 sous

960 2114 33 32 la
1006 2114 159 32 conduite
1174 2113 61 32 des
1250 2121 151 30 maçons,
1415 2121 37 23 se
1462 2112 251 38 ruèrent,place

959 2158 44 31 de
1020 2159 34 30 la
1066 2156 186 37 Concorde,
1266 2164 61 24 sur
1348 2156 61 31 des
1432 2157 144 30 femmes
1597 2156 35 30 et
1651 2155 62 31 des

960 2201 144 35 enfants,
1111 2201 74 30 leur
1191 2211 16 18 «
1214 2198 174 41 portèrent
1393 2198 60 33 des
1459 2206 105 31 coups
1572 2199 33 30 et
1611 2199 102 30 firent

965 2243 60 32 des
1035 2243 206 36 blessures»,
1250 2251 81 24 sans
1345 2251 67 31 que
1423 2243 34 30 la
1467 2243 121 38 police,
1601 2241 110 31 docile

958 2287 67 45 aux
1042 2287 120 31 ordres
1182 2286 42 31 de
1246 2286 43 31 M.
1306 2286 155 35 Combes,
1480 2286 62 30 mît
1561 2286 34 29 la
1617 2285 94 31 main

957 2338 44 24 au
1020 2330 100 32 collet
1134 2330 60 32 des
1213 2337 209 33 agresseurs.
1440 2328 72 32 Elle
1532 2327 82 31 était
1637 2327 73 39 pré-

956 2376 108 35 sente,
1091 2374 66 31 elle
1177 2373 83 31 était
1280 2382 44 22 en
1349 2373 157 35 nombre,
1529 2371 87 31 mais
1638 2370 73 32 elle

955 2419 92 31 resta
1070 2416 137 40 inactive
1217 2416 12 40 ;
1251 2418 64 30 elle
1339 2416 103 30 laissa
1465 2427 17 18 «
1507 2416 116 38 porter
1644 2414 61 32 des

954 2470 106 32 coups
1075 2463 35 30 et
1124 2461 83 31 faire
1220 2461 61 31 des
1295 2459 172 32 blessures
1482 2470 29 20 ».

992 2505 155 32 Pendant
1160 2506 120 39 quatre
1296 2505 134 34 heures,
1440 2504 49 30 les
1503 2503 136 31 articles
1649 2502 58 31 309

952 2550 36 30 et
1012 2550 56 31 311
1092 2549 48 31 du
1163 2549 89 31 Code
1274 2547 97 41 pénal
1397 2546 115 33 furent
1533 2545 99 40 rayés
1661 2545 45 32 du

952 2592 90 33 Code
1055 2601 61 31 par
1129 2592 43 32 M.
1189 2592 154 32 Combes.
1364 2591 96 31 Ainsi
1483 2590 169 39 l'exigeait
1666 2598 40 23 sa

952 2637 174 38 politique.

989 2702 64 32 Mis
1073 2709 43 24 en
1140 2702 82 39 goût
1244 2709 62 31 par
1324 2708 67 23 une
1414 2700 96 31 aussi
1530 2699 172 32 heureuse

950 2744 181 37 radiation,
1155 2745 35 31 et
1214 2743 218 40 s'imaginant
1452 2743 123 40 qu'elle
1598 2743 105 32 serait

951 2788 221 41 perpétuelle,
1191 2788 50 32 les
1259 2787 209 32 anarchistes
1482 2795 38 23 se
1534 2788 79 29 sont
1626 2795 78 23 crus

950 2831 168 31 autorisés
1137 2832 21 31 à
1176 2839 253 23 recommencer
1438 2830 96 38 jeudi
1551 2830 150 30 dernier.

948 2874 97 36 Mais,
1074 2875 87 29 cette
1185 2874 77 35 fois,
1290 2881 37 22 ce
1355 2872 160 31 n'étaient
1540 2873 76 37 plus
1640 2872 62 31 des

950 2916 142 32 femmes
1123 2917 35 31 et
1189 2915 60 32 des
1277 2915 132 31 enfants
1436 2915 99 40 qu'ils
1568 2915 136 32 avaient

949 2960 109 37 résolu
1073 2959 215 37 d'assommer
1300 2958 30 37 et
1339 2958 202 36 d'éventrer,
1548 2957 156 33 c'étaient

948 3003 60 32 des
1029 3003 159 40 gardiens
1207 3002 43 32 de
1269 3003 33 30 la
1322 3002 87 39 paix.
1425 3002 93 31 Pour
1532 3002 71 31 être
1625 3003 77 38 plus

947 3045 22 32 à
985 3047 94 31 l'aise
1102 3046 84 32 dans
1207 3045 340 39 l'accomplissement
1565 3045 43 31 de
1627 3045 75 31 leur

946 3089 163 41 besogne,
1114 3090 43 30 ils
1161 3089 156 31 s'étaient
1324 3088 155 32 installés
1483 3097 66 22 aux
1555 3088 148 32 fenêtres

948 3132 43 32 de
1013 3135 33 29 la
1071 3133 130 30 Bourse
1225 3133 46 30 du
1294 3132 121 30 travail
1443 3132 78 31 d'où
1550 3131 43 30 ils
1619 3132 83 38 lapi-

947 3175 116 32 daient
1099 3174 275 33 commodément
1412 3174 50 32 les
1499 3175 120 38 agents
1660 3174 42 31 de

946 3219 44 31 M.
1006 3219 138 40 Lépine.
1166 3219 66 31 Mal
1249 3220 75 31 leur
1344 3226 42 23 en
1402 3218 77 40 prit.
1497 3218 64 31 Les
1581 3219 120 38 agents

946 3263 43 30 de
1007 3263 43 31 M.
1070 3262 128 40 Lépine
1220 3262 201 32 envahirent
1440 3262 33 30 la
1496 3261 129 31 Bourse
1654 3261 47 30 du

947 3307 137 36 travail,
1113 3307 34 31 et
1179 3305 196 42 infligèrent
1411 3314 67 22 aux
1515 3304 184 31 émeutiers

947 3358 68 23 une
1028 3350 189 31 correction
1232 3350 28 30 si
1268 3350 217 38 vigoureuse,
1497 3356 67 31 que
1575 3349 32 29 le
1620 3356 80 23 nom
1725 3338 8 58 j

946 3392 43 31 de
1008 3403 15 18 «
1043 3400 171 23 massacre
1230 3402 16 19 »
1263 3391 48 32 lui
1330 3392 53 30 fut
1400 3390 162 41 appliqué
1578 3399 61 30 par
1651 3391 50 31 les

945 3436 199 30 socialistes.

983 3478 65 31 Les
1063 3478 134 31 articles
1212 3477 57 32 309
1284 3478 34 29 et
1327 3477 57 30 311
1395 3476 172 36 n'étaient,
1578 3475 125 40 paraît-

944 3521 37 36 il,
997 3522 98 39 rayés
1109 3521 46 30 du
1166 3521 89 31 Gode
1264 3520 79 40 qu'à
1352 3519 125 41 l'égard
1489 3520 60 30 des
1558 3519 143 31 femmes

944 3566 36 29 et
998 3564 62 32 des
1079 3564 150 32 enfants.
1243 3564 47 31 Ils
1310 3563 164 31 restaient
1493 3572 43 23 en
1556 3562 146 39 vigueur

945 3607 21 32 à
979 3607 125 41 l'égard
1120 3607 60 31 des
1192 3607 159 39 gardiens
1362 3606 42 31 de
1415 3607 33 30 la
1461 3606 88 39 paix.
1561 3606 78 30 MM.
1651 3606 50 30 les

944 3651 210 31 anarchistes
1173 3650 58 39 qui
1251 3659 44 21 ne
1313 3649 253 31 connaissaient
1585 3656 60 31 pas
1667 3648 34 31 la

944 3693 196 32 distinction
1150 3692 177 40 juridique
1342 3691 42 31 de
1394 3692 44 30 M.
1450 3690 157 37 Combes,
1619 3691 83 31 l'ont

944 3737 182 31 rudement
1139 3736 137 39 apprise
1291 3735 21 30 à
1325 3735 92 30 leurs
1432 3734 140 39 dépens.

982 3806 156 33 L'article
1152 3806 58 31 458
1221 3805 48 31 du
1283 3804 90 32 Gode
1388 3804 99 40 pénal
1503 3804 97 40 porte
1612 3812 9 22 :

977 3859 184 34 Quiconque
1187 3865 87 26 aura,
1294 3864 39 21 en
1360 3857 69 28 tout
1455 3863 41 22 ou
1524 3862 39 21 en
1591 3855 107 34 partie,

944 3897 121 28 comblé
1080 3896 55 29 des
1152 3896 112 33 fossés,
1280 3895 117 28 détruit
1418 3894 56 29 des
1498 3893 146 33 clôtures,
1660 3892 39 28 de

943 3934 156 39 quelques
1114 3934 158 38 matériaux
1285 3933 120 38 qu'elles
1416 3933 100 38 soient
1525 3932 101 38 faites.
1634 3932 65 38 etc.,

943 3981 71 24 sera
1043 3976 76 35 puni
1150 3976 74 28 d'un
1251 3973 288 37 emprisonnement
1571 3971 53 36 qui
1657 3978 40 22 ne

942 4022 117 28 pourra
1099 4015 65 27 être
1204 4014 188 28 au-dessous
1431 4011 72 29 d'un
1540 4010 80 28 mois
1664 4010 32 28 ni

944 4053 132 28 excéder
1097 4060 63 20 une
1174 4052 111 32 année,
1300 4053 31 26 et
1343 4050 92 28 d'une
1457 4047 132 30 amende
1610 4048 89 35 égale

943 4098 40 22 au
996 4092 92 35 quart
1101 4090 55 29 des
1168 4090 197 29 restitutions
1383 4090 33 27 et
1432 4088 56 28 des
1502 4087 196 34 dommages-

942 4130 141 33 intérêts,
1099 4132 69 32 etc.,
1182 4131 60 28 eto.

981 4180 59 35 Or,
1055 4180 87 34 hier,
1158 4181 49 29 les
1230 4178 185 39 pompiers,
1435 4185 82 23 sous
1536 4176 34 30 la
1589 4174 109 32 direc-

943 4221 71 32 tion
1041 4222 43 31 de
1111 4221 44 32 M.
1179 4220 164 40 Mouquin
1367 4221 35 30 et
1423 4227 61 24 sur
1511 4217 123 33 l'ordre
1655 4217 43 32 de

941 4265 46 31 M.
1000 4265 158 36 Combes,
1172 4263 214 40 attaquaient
1402 4263 23 30 à
1444 4270 108 30 coups
1577 4261 44 30 de
1644 4261 54 39 pic

944 4309 34 30 et
990 4308 43 31 de
1052 4308 119 39 pioche
1181 4308 49 30 les
1241 4307 114 40 portes
1370 4305 47 31 du
1430 4305 119 31 cloître
1564 4306 34 30 et
1606 4304 42 31 de
1664 4304 33 30 la

943 4351 153 40 chapelle
1124 4350 61 32 des
1212 4350 168 40 Capucins
1399 4349 42 31 de
1462 4349 33 31 la
1515 4356 61 23 rue
1597 4348 44 30 de
1661 4348 35 29 la

942 4395 114 33 Santé.

979 4439 155 32 L'article
1155 4439 59 31 456
1236 4438 47 32 du
1298 4437 90 32 Gode
1403 4437 100 39 pénal
1525 4436 173 31 n'existait

941 4483 80 39 plus
1035 4491 87 31 pour
1134 4482 45 31 M.
1195 4481 157 32 Combes.

982 4526 54 37 Et,
1048 4527 102 30 chose
1159 4526 145 34 bizarre,
1322 4525 49 31 les
1377 4525 166 39 quelques
1554 4524 145 39 apaches

943 4569 168 42 présents,
1122 4569 58 39 qui
1195 4568 156 32 s'étaient
1363 4567 157 39 indignés
1534 4566 43 31 de
1591 4567 34 30 la
1631 4567 69 30 vio-

942 4613 106 31 lation
1076 4612 43 31 de
1150 4613 76 29 leur
1256 4612 69 30 lieu
1355 4610 44 31 de
1430 4610 143 30 réunion
1602 4609 42 30 de
1667 4610 32 30 la

941 4655 132 32 Bourse
1087 4655 46 31 du
1148 4654 133 37 travail,
1292 4654 79 30 d'où
1386 4653 43 31 ils
1436 4653 137 31 avaient
1582 4651 116 32 écrasé

942 4700 34 31 la
990 4701 107 39 police
1115 4699 44 31 de
1177 4698 206 39 projectiles,
1404 4696 296 39 applaudissaient

942 4743 23 31 à
977 4744 34 30 la
1023 4742 161 32 violation
1200 4741 48 31 du
1266 4740 161 32 domicile
1439 4740 62 31 des
1515 4739 182 39 Capucins,

942 4786 146 40 occupés
1103 4785 21 31 à
1139 4786 91 39 prier
1240 4785 9 29 !

980 4830 30 31 A
1031 4829 115 32 l'école
1169 4828 43 32 de
1234 4828 44 32 M.
1299 4827 155 37 Combes,
1478 4827 42 31 ils
1544 4825 158 32 faisaient

942 4880 69 23 une
1025 4872 196 31 distinction
1232 4870 194 40 juridique:
1446 4878 39 22 ce
1504 4869 58 40 qui
1583 4869 118 30 n'était

943 4924 62 32 pas
1014 4915 128 40 permis
1156 4916 117 30 contre
1281 4921 65 23 eux
1356 4912 83 32 était
1447 4911 129 41 permis
1584 4913 117 30 contre

942 4957 52 34 les
1008 4958 168 40 Capucins
1181 4958 10 30 !

982 5024 155 33 L'article
1154 5024 20 31 8
1192 5023 42 32 de
1259 5024 33 31 la
1312 5022 46 32 loi
1385 5019 313 34 constitutionnelle

942 5068 52 32 du
1003 5068 41 31 24
1053 5067 123 32 février
1190 5067 78 31 1875
1282 5066 98 39 porte
1396 5076 8 19 :

978 5124 44 29 Le
1027 5124 92 28 Sénat
1123 5131 28 25 a,
1155 5120 274 35 concurremment
1439 5120 70 35 avec
1513 5121 30 28 la
1549 5119 155 28 Chambre

944 5163 57 28 des
1014 5162 144 34 députés,
1170 5161 173 28 l'initiative
1357 5161 31 27 et
1406 5159 31 28 la
1455 5158 175 29 confection
1645 5157 57 28 des

945 5200 69 30 lois.
1028 5199 174 32 Toutefois,
1218 5199 47 28 les
1278 5198 61 29 lois
1354 5197 39 29 de
1412 5197 141 28 finances
1573 5195 128 29 doivent

945 5240 65 29 être
1025 5247 38 21 en
1070 5239 136 35 premier
1210 5238 63 29 lieu
1284 5235 181 37 présentées
1479 5235 13 38 à
1503 5235 34 38 la
1551 5234 154 29 Chambre
1730 5242 4 20 ι

944 5278 57 29 des
1015 5278 133 35 députés
1161 5280 32 26 et
1205 5277 110 28 votées
1319 5283 57 28 par
1383 5275 68 29 elle.

1815 1177 107 37 Donc,
1937 1179 31 31 le
1983 1178 104 31 Sénat
2098 1178 171 31 collabore
2283 1186 67 22 aux
2359 1178 64 31 lois
2438 1176 95 33 indé-

1776 1221 246 41 pendamment
2030 1220 44 32 de
2087 1221 35 31 la
2130 1220 179 32 Chambre.
2321 1220 51 32 En
2387 1219 144 33 matière

1776 1264 43 32 de
1838 1266 160 35 finances,
2014 1264 23 30 il
2056 1265 57 38 n'y
2130 1265 170 31 collabore
2321 1264 158 39 qu'après
2499 1263 34 32 la

1776 1308 178 38 Chambre,
1983 1307 203 32 c'est-à-dire
2210 1307 82 39 qu'il
2319 1307 152 31 contrôle
2498 1307 34 31 le

1776 1352 111 39 projet
1918 1352 165 39 législatif
2114 1352 42 31 de
2193 1352 33 31 la
2262 1351 179 32 Chambre.
2484 1350 47 32 La

1775 1395 167 31 Chambre
1957 1403 43 23 ne
2014 1395 61 30 fait
2091 1396 125 39 qu'une
2235 1402 118 23 oeuvre
2373 1394 158 40 prépara-

1774 1438 106 37 toire,
1911 1437 178 38 amendée,
2126 1438 143 35 revisée,
2301 1436 164 32 censurée
2497 1437 34 30 et

1775 1481 198 39 finalement
1991 1481 126 38 rejetée
2136 1489 47 24 ou
2203 1480 131 32 rendue
2357 1480 174 31 définitive

1774 1532 64 32 par
1850 1525 31 32 le
1896 1525 113 32 Sénat.

1812 1567 48 31 Le
1880 1568 114 35 Sénat,
2009 1576 44 22 on
2072 1569 32 30 le
2127 1569 82 35 voit,
2225 1567 191 32 assemblée
2429 1568 100 30 abso-

1773 1610 133 32 lument
1931 1611 158 32 distincte
2116 1611 43 31 de
2187 1612 33 30 la
2247 1610 179 36 Chambre,
2457 1610 73 31 doit

1773 1653 72 32 être
1886 1654 152 32 d'autant
2069 1655 77 39 plus
2177 1654 242 39 indépendant,
2447 1654 82 38 qu'il

1773 1704 120 24 exerce
1907 1707 46 20 un
1969 1697 162 31 contrôle.

1813 1739 264 40 Supprimez-lui
2089 1741 32 29 la
2135 1739 222 32 délibération
2369 1739 159 31 distincte

1773 1783 34 32 et
1820 1782 271 41 indépendance;
2109 1791 62 32 par
2184 1782 171 37 là-même,
2373 1790 83 25 vous
2475 1783 47 30 lui

1772 1827 196 39 supprimez
1977 1828 32 30 le
2024 1826 169 37 contrôle;
2205 1825 120 40 autant
2336 1825 191 40 supprimer

1771 1870 32 31 le
1817 1870 113 31 Sénat.

1815 1912 89 33 C'est
1941 1914 163 40 pourtant
2140 1921 39 23 ce
2217 1921 67 32 que
2323 1914 82 30 veut
2442 1913 85 31 faire

1770 1957 44 30 M.
1829 1957 144 39 Combes
1987 1966 44 22 au
2047 1956 126 40 mépris
2188 1957 43 30 de
2249 1957 34 30 la
2297 1957 46 31 loi
2363 1957 46 30 du
2428 1957 40 31 24
2481 1956 45 31 fé-

1771 2000 90 31 vrier
1888 2001 88 36 1875,
1996 2001 152 39 lorsqu'il
2177 2008 124 32 pousse
2328 2001 49 30 les
2406 2001 120 38 quatre

1770 2051 148 31 groupes
1938 2044 43 31 de
2002 2052 39 22 sa
2058 2043 157 38 majorité
2238 2043 43 30 de
2304 2043 34 30 la
2356 2043 168 31 Chambre

1768 2086 35 31 et
1824 2087 49 31 les
1894 2087 88 32 deux
2004 2094 148 34 groupes
2177 2086 42 32 de
2238 2094 39 24 sa
2298 2087 157 39 majorité
2476 2086 46 31 du

1768 2129 103 33 Sénat
1884 2131 20 31 à
1917 2131 192 33 s'entendre
2123 2130 83 32 dans
2222 2139 67 23 une
2304 2130 141 34 réunion
2462 2129 61 33 des

1767 2173 51 31 six
1838 2183 148 31 groupes
2011 2183 60 23 sur
2091 2174 141 31 l'oeuvre
2251 2173 189 41 législative
2461 2174 62 31 des

1767 2215 89 33 deux
1870 2214 218 37 assemblées.

1806 2260 56 31 S'il
1876 2270 23 30 y
1918 2271 21 22 a
1963 2263 136 30 entente
2120 2262 173 40 préalable
2311 2261 21 31 à
2345 2262 34 30 la
2393 2262 129 30 discus-

1766 2304 75 32 sion
1859 2304 61 32 des
1942 2306 128 38 projets
2093 2314 44 22 ou
2162 2305 228 40 propositions
2405 2305 42 30 de
2462 2304 59 37 loi,

1764 2347 24 31 il
1803 2349 56 38 n'y
1869 2356 21 23 a
1902 2350 77 38 plus
1995 2348 290 41 d'indépendance
2304 2348 42 31 de
2368 2349 33 30 la
2415 2348 104 31 haute

1764 2390 179 38 Chambre,
1952 2391 24 31 il
1991 2391 56 39 n'y
2059 2400 22 23 a
2093 2392 77 40 plus
2176 2391 153 33 contrôle
2342 2391 47 30 du
2404 2390 114 32 Sénat.

1803 2430 48 36 La
1865 2435 216 40 République
2088 2436 182 42 française
2284 2435 51 31 dit
2343 2435 178 31 excellem-

1763 2480 96 29 ment
1871 2478 21 32 à
1906 2488 38 22 ce
1958 2479 92 39 sujet
2063 2488 9 22 :

1796 2531 80 29 C'est
1908 2539 121 21 comme
2059 2531 28 29 si
2114 2531 47 29 les
2182 2532 96 35 juges
2310 2531 94 28 d'une
2434 2532 84 27 Cour

1762 2570 120 36 d'appel
1904 2578 36 21 se
1957 2571 212 28 réunissaient
2184 2577 77 21 avec
2284 2570 46 28 les
2352 2570 96 35 juges
2473 2569 43 28 du

1761 2610 135 28 tribunal
1917 2611 39 27 de
1984 2609 153 36 première
2164 2611 140 27 instance
2333 2616 79 28 pour
2438 2609 79 29 s'en-

1760 2648 110 29 tendre
1885 2656 57 22 sur
1963 2650 45 27 les
2021 2650 116 26 termes
2155 2648 75 28 d'un
2243 2647 93 28 arrêt.
2351 2647 26 28 Il
2398 2647 51 35 n'y
2461 2654 56 21 au-

1760 2688 60 28 rait
1835 2688 80 33 plus,
1930 2696 41 21 en
1987 2687 64 33 fait,
2064 2686 39 29 de
2113 2687 83 28 Cour
2210 2685 130 37 d'appel.

1795 2727 44 28 La
1852 2726 211 30 Constitution
2074 2734 19 20 a
2108 2726 97 28 voulu
2223 2732 62 28 que
2303 2725 28 28 le
2345 2725 95 28 Sénat
2451 2732 64 21 ser-

1760 2766 46 28 vit
1832 2766 39 28 de
1894 2767 82 28 Cour
2001 2765 119 37 d'appel
2147 2773 64 21 aux
2238 2763 157 29 décisions
2419 2763 39 30 de
2482 2763 30 28 la

1759 2805 164 30 Chambre.
1933 2806 30 28 Si
1979 2812 81 22 vous
2074 2805 180 35 supprimez
2268 2802 30 29 la
2311 2803 136 28 seconde
2461 2802 55 28 dé-

1759 2843 174 36 libération,
1950 2845 29 28 le
2001 2843 149 33 contrôle,
2176 2841 122 36 l'appel,
2314 2843 108 26 autant
2443 2842 69 27 tout

1760 2883 187 34 supprimer,
1967 2882 30 28 le
2013 2881 94 28 Sénat
2127 2881 170 28 lui-même.
2322 2880 82 27 C'est
2429 2880 88 34 peut-

1760 2920 64 29 être
1838 2928 35 21 ce
1886 2921 95 36 qu'on
1998 2920 145 29 voudrait
2162 2920 187 27 démontrer.
2364 2917 100 33 Qu'on
2485 2917 30 29 le

1758 2960 115 28 veuille
1884 2968 42 20 ou
1940 2967 73 25 non,
2028 2967 35 25 ça
2077 2960 27 27 le
2118 2959 104 28 serait.

1796 3013 45 31 M.
1856 3013 156 35 Combes,
2028 3012 59 39 qui
2101 3012 127 39 abroge
2243 3018 44 23 ou
2306 3010 61 31 fait
2381 3010 134 31 revivre

1758 3056 20 30 à
1792 3057 136 30 volonté
1942 3058 49 29 les
2006 3055 135 32 articles
2157 3054 58 30 309
2230 3062 45 22 ou
2288 3053 58 30 311
2363 3053 46 30 du
2424 3052 91 31 Gode

1758 3099 111 39 pénal,
1879 3101 35 29 et
1921 3100 60 39 qui
1992 3098 127 39 piétine
2128 3096 140 32 l'article
2275 3096 59 30 456
2344 3095 47 31 du
2401 3096 114 31 même

1758 3142 101 37 Code,
1893 3143 89 30 viole
2020 3141 42 30 de
2097 3142 77 37 plus
2210 3139 304 39 outrageusement

1757 3185 139 31 l'article
1916 3185 20 31 8
1956 3184 43 32 de
2016 3184 34 31 la
2070 3182 46 32 loi
2135 3181 312 33 constitutionnelle
2467 3179 47 31 du

1755 3228 41 30 24
1809 3228 123 31 février
1947 3228 87 31 1875.

1795 3271 29 31 A
1846 3273 77 38 quel
1955 3272 76 29 titre
2058 3269 255 32 combattrait-il
2339 3269 49 31 les
2417 3276 98 23 anar-

1756 3314 138 38 chistes,
1919 3313 116 42 quand
2066 3322 61 24 son
2161 3314 271 39 gouvernement
2462 3312 54 31 est

1757 3357 88 31 celui
1859 3357 43 31 de
1916 3356 202 32 l'anarchie?

2350 3398 40 31 J.
2406 3398 28 31 B.

1760 3490 353 43 L'INCENDIE
2144 3491 77 41 DU
2250 3489 258 43 VATICAN

1787 3564 224 28 L'Osservatore
2025 3563 140 26 Romano
2179 3563 97 26 donne
2289 3562 225 28 d'intéressants

1755 3599 105 26 détails
1877 3605 52 20 sur
1953 3598 149 25 l'incendie
2116 3598 49 32 qui
2182 3597 93 27 éclata
2292 3603 38 21 au
2347 3597 120 26 Vatican
2486 3597 27 25 le

1756 3634 59 25 soir
1826 3634 36 25 de
1874 3633 30 25 la
1916 3632 164 26 Toussaint.

1786 3667 174 26 L'excellent
1976 3667 118 31 journal
2114 3667 114 25 romain
2252 3667 140 25 confirme
2410 3672 56 25 que
2485 3666 27 24 le

1755 3703 49 24 feu
1818 3702 47 25 n'a
1879 3708 88 19 cause
1983 3707 113 19 aucune
2109 3702 79 30 perte
2204 3708 7 18 :
2235 3700 20 25 il
2278 3702 66 24 note
2365 3700 146 32 l'empres-

1755 3737 116 24 sement
1881 3735 52 26 des
1947 3735 140 26 autorités
2098 3735 155 26 italiennes
2268 3735 18 24 à
2298 3735 81 25 venir
2387 3734 123 32 prendre

1754 3771 52 25 des
1827 3770 204 26 informations
2053 3769 18 26 à
2092 3770 28 25 la
2141 3771 79 30 porte
2244 3768 38 27 du
2298 3768 118 27 Vatican
2439 3770 30 25 et
2481 3768 29 26 la

1755 3804 192 33 promptitude
1961 3811 57 26 que
2030 3804 57 26 l'on
2100 3803 53 27 mit
2168 3804 19 25 à
2200 3804 44 26 les
2258 3803 64 26 leur
2335 3803 122 27 fournir.

1784 3840 88 25 Notre
1894 3840 131 26 confrère
2053 3845 32 20 se
2106 3840 68 30 plaît
2198 3840 17 24 à
2235 3840 148 24 constater
2397 3847 13 15 «
2425 3838 85 27 l'élan

1753 3875 87 30 digne
1851 3875 36 25 de
1901 3876 62 24 tout
1976 3875 91 30 éloge,
2081 3874 195 31 l'abnégation
2295 3872 121 27 absolue
2437 3874 29 25 et
2479 3872 29 25 la

1754 3909 149 25 fraternité
1918 3908 109 26 entière
2041 3916 13 15 »
2071 3914 69 20 avec
2149 3907 129 33 lesquels
2296 3907 43 26 les
2362 3907 148 32 pompiere

1754 3944 187 32 municipaux
1955 3945 50 24 ont
2023 3942 77 33 joint
2119 3943 78 26 leurs
2213 3941 101 28 efforts
2332 3942 19 25 à
2369 3948 75 20 ceux
2457 3942 53 26 des

1752 3978 115 32 gardes
1880 3978 43 26 du
1938 3979 55 34 feu
2006 3978 186 31 pontificaux.

1783 4013 59 25 Dès
1855 4014 27 25 le
1895 4014 92 24 matin
1998 4013 155 26 d'ailleurs,
2170 4013 98 31 ajoute
2287 4012 223 31 l'Osservatore,

1752 4047 254 25 l'administration
2029 4046 53 26 des
2102 4047 91 30 palais
2208 4046 197 31 apostoliques
2427 4053 18 18 a
2458 4046 53 24 fait

1753 4082 137 24 remettre
1910 4087 37 20 au
1970 4080 210 27 commandant
2203 4080 37 26 du
2265 4085 84 26 corps
2370 4079 53 27 des
2443 4078 67 27 veil-

1753 4117 77 25 leurs
1844 4115 36 26 de
1896 4116 29 25 la
1942 4115 67 26 ville
2023 4123 14 16 «
2051 4120 58 20 une
2129 4116 82 25 lettre
2228 4115 36 25 de
2281 4114 56 26 vifs
2359 4114 151 27 remercie-

1753 4152 98 25 ments
1873 4152 29 25 et
1919 4151 37 26 de
1975 4151 87 24 haute
2078 4149 125 34 louange
2217 4157 13 16 »
2248 4155 72 27 pour
2333 4149 27 25 le
2373 4150 136 32 précieux

1752 4192 141 20 concours
1909 4186 71 24 dont
1998 4185 26 25 le
2036 4185 121 25 Vatican
2177 4186 40 23 lui
2231 4184 70 25 était
2315 4185 161 25 redevable.

1870 4269 202 33 AVOCAT
2095 4268 295 32 DISPONIBLE

1787 4340 44 27 Le
1843 4340 37 27 R.
1893 4340 35 27 P.
1940 4337 174 29 Provincial
2122 4338 57 27 des
2191 4338 155 33 Capucins
2356 4337 58 31 est,
2426 4342 82 22 nous

1752 4373 209 33 affirme-t-on,
1970 4373 112 28 avocat
2093 4370 243 36 régulièrement
2348 4369 112 36 inscrit
2471 4368 37 36 au

1753 4408 130 29 barreau
1899 4408 40 28 de
1951 4407 95 30 Paris.

1786 4443 47 28 En
1856 4443 185 35 l'expulsant
2063 4442 39 28 de
2125 4442 77 28 chez
2223 4440 55 33 lui,
2302 4440 41 28 M.
2371 4440 135 29 Combes

1753 4477 133 28 aurait-il
1900 4485 40 20 eu
1954 4476 89 28 l'idée
2057 4477 38 27 de
2109 4476 134 28 l'inviter
2256 4474 19 27 à
2288 4475 168 35 reparaître
2466 4481 41 21 au

1754 4511 111 34 Palais,
1887 4512 62 28 afin
1967 4511 50 35 d'y
2039 4510 148 29 défendre
2207 4509 31 28 la
2261 4516 102 21 veuve
2385 4511 32 27 et
2440 4509 70 29 l'or-

1754 4546 130 36 phelin?

1757 4613 91 43 LES
1894 4611 274 43 GRANDES
2214 4601 295 50 RÉFORMES

1788 4720 216 36 L'inspecteur
2038 4719 147 36 primaire
2215 4719 40 27 de
2284 4718 223 32 Saint-Brieuc,

1754 4756 42 27 M.
1818 4755 159 33 Moënner,
2000 4754 195 28 lisons-nous
2220 4753 78 27 dans
2327 4752 182 35 l''Indépen-

1755 4791 109 28 dance
1892 4789 175 33 bretonne,
2093 4796 19 20 a
2137 4788 102 28 donné
2266 4786 112 29 l'ordre
2405 4786 19 28 à
2451 4793 59 21 son

1755 4823 167 38 personnel
1942 4823 186 36 enseignant
2146 4823 38 28 de
2207 4829 35 22 se
2260 4822 177 28 conformer
2460 4819 50 29 dé-

1756 4860 134 28 sormais
1904 4866 62 20 aux
1982 4858 222 34 prescriptions
2215 4857 38 27 de
2265 4866 14 15 «
2297 4855 164 29 neutralité
2474 4865 14 15 »
2500 4862 8 20 :

1756 4893 71 35 plus
1843 4893 39 28 de
1900 4892 118 35 prières
2038 4899 40 21 en
2101 4892 129 30 classes,
2254 4889 38 28 de
2310 4889 199 31 catéchisme,

1756 4927 135 29 d'élèves
1909 4926 145 29 conduits
2073 4926 18 26 à
2110 4925 132 36 l'église!
2265 4924 39 27 M.
2325 4925 149 27 Moënner
2492 4931 19 19 a

1757 4962 55 28 fait
1824 4962 106 29 savoir
1943 4960 74 37 qu'il
2032 4959 147 30 tiendrait
2194 4959 275 35 rigoureusement
2481 4957 31 28 la

1757 4997 85 28 main
1870 4997 19 27 à
1915 4996 184 28 l'exécution
2123 4994 38 29 de
2188 5001 54 21 ces
2269 4994 109 28 ordres
2414 4994 98 27 franc-

1757 5032 235 35 maconniques.

1792 5066 43 28 Le
1848 5065 165 42 personnel
2029 5073 18 20 a
2060 5065 80 28 obéi.
2159 5065 39 27 Et
2211 5063 112 36 depuis
2345 5063 30 28 la
2391 5062 122 29 rentrée

1758 5101 152 33 derniere,
1924 5102 44 27 les
1984 5099 117 36 prières
2114 5107 40 20 ne
2166 5100 71 27 sont
2249 5098 71 34 plus
2333 5097 141 29 récitées.

1792 5127 43 36 Le
1851 5145 14 16 «
1880 5135 111 28 mérite
2006 5143 15 16 »
2042 5136 48 25 est
2107 5133 139 28 d'autant
2266 5132 71 35 plus
2353 5131 101 35 grand
2473 5130 40 28 de

1758 5171 30 26 la
1799 5172 70 32 part
1880 5168 40 29 de
1933 5169 200 33 l'inspecteur
2150 5166 146 35 primaire
2312 5173 38 20 en
2366 5166 144 33 question

1760 5211 71 27 que,
1859 5203 121 36 d'après
2007 5203 89 26 notre
2120 5200 152 32 confrère,
2294 5199 21 28 il
2340 5199 103 28 aurait
2464 5197 50 28 été

1760 5238 86 29 élevé
1861 5245 56 22 sur
1928 5238 44 29 les
1978 5243 129 29 genoux
2115 5236 39 28 de
2167 5235 135 36 l'Eglise,
2313 5235 70 27 tout
2392 5239 123 23 comme

1759 5275 41 27 M.
1812 5273 146 29 Combes.

2591 1167 754 142 GAZETTE

2999 1366 147 32 L'ACTION
3168 1366 141 33 DIRECTE

2624 1425 46 31 La
2691 1424 99 31 horde
2813 1425 56 31 des
2893 1430 138 35 apostats
3052 1431 30 24 et
3103 1425 56 30 des
3172 1424 170 41 défroqués

2585 1463 94 31 hurle
2702 1474 35 20 ce
2760 1464 99 30 matin
2885 1464 71 40 plus
2984 1469 224 33 rageusement
3226 1472 114 22 encore

2584 1512 63 60 que
2675 1501 194 33 d'habitude.
2899 1501 69 32 Elle
2999 1502 130 30 redoute
3156 1511 45 21 un
3235 1509 104 32 temps

2607 1541 101 37 'arrêt,
2733 1551 44 21 un
2802 1541 256 31 ralentissement
3075 1541 82 30 dans
3181 1540 30 30 la
3235 1540 102 32 curée.

2623 1580 91 32 Nous
2734 1589 136 31 croyons
2892 1580 75 31 utile
2988 1580 39 30 de
3048 1579 77 32 faire
3141 1580 165 31 connaître
3319 1581 20 30 à

2583 1626 73 24 tous
2670 1619 44 31 les
2729 1618 153 32 honnêtes
2896 1630 77 29 gens
2987 1629 51 21 ces
3052 1619 60 31 cris
3126 1619 40 31 de
3181 1618 153 33 bestialité

2583 1657 138 33 furieuse
2731 1659 130 39 poussés
2874 1659 81 30 dans
2966 1655 23 42 l'
2991 1659 117 30 Action
3122 1668 13 21 :

2618 1720 64 34 Que
2695 1726 31 20 se
2741 1720 136 35 passe-t-il
2893 1720 72 27 dans
2984 1720 40 26 les
3043 1720 118 27 milieux
3180 1720 159 35 parlemen-

2583 1755 83 25 taires
2684 1760 29 19 et
2730 1761 284 25 gouvernementaux
3024 1756 12 23 ?
3055 1755 214 31 Relâchement,
3285 1756 53 25 las-

2582 1788 105 34 situde,
2701 1788 105 36 simple
2821 1789 138 28 bouderie
2978 1786 78 37 entre
3076 1789 26 27 le
3121 1798 17 18 «
3153 1789 65 28 bloc
3231 1797 18 18 »
3262 1795 28 22 et
3311 1789 26 28 le

2583 1823 144 34 président
2740 1823 41 26 du
2792 1823 113 27 Conseil
2916 1824 14 25 ?
2944 1824 45 26 On
3003 1831 36 18 ne
3053 1824 107 26 saurait
3173 1823 68 27 dire.
3258 1824 73 27 Mais

2581 1865 38 19 on
2633 1857 101 27 devine
2748 1857 64 27 bien
2829 1857 68 35 qu'il
2910 1866 19 26 y
2946 1866 17 18 a
2976 1857 40 27 du
3037 1857 126 33 malaise,
3178 1857 50 27 des
3250 1857 87 29 tirail-

2581 1892 132 27 lements.
2729 1891 36 28 Et
2777 1899 40 20 on
2833 1898 100 22 trouve
2947 1900 36 19 en
2997 1892 62 27 cela
3073 1893 125 35 prétexte
3211 1899 74 29 pour
3298 1899 37 21 ne

2580 1927 61 27 rien
2655 1928 77 26 faire.

2615 1962 138 26 Pourtant
2773 1969 75 20 nous
2871 1962 109 31 avions,
3003 1962 89 32 enfin,
3114 1970 41 19 un
3177 1969 159 26 gouverne-

2580 2003 81 20 ment
2673 1997 163 34 énergique,
2852 1997 126 31 sectaire,
2992 1996 126 34 jacobin,
3131 1997 107 33 apache
3250 1997 8 25 !

2616 2031 44 26 Ah
2670 2031 7 26 !
2698 2038 71 25 non,
2787 2039 75 18 nous
2882 2039 35 19 ne
2941 2038 75 19 nous
3040 2031 150 26 laisserons
3210 2038 50 27 pas
3285 2039 50 20 en-

2579 2072 89 26 vaser,
2683 2072 74 19 nous
2770 2065 39 26 les
2831 2065 148 32 militants,
3004 2064 72 27 dans
3098 2070 71 22 cette
3191 2064 142 36 déliques-

2578 2107 87 21 cence
2695 2100 225 35 parlementaire.
2954 2099 30 28 Si
3017 2098 139 29 vraiment
3186 2106 40 21 on
3256 2107 75 21 nous

2578 2136 88 27 abuse
2680 2135 16 26 à
2710 2143 32 19 ce
2759 2135 83 35 point
2855 2135 36 28 de
2908 2134 98 28 laisser
3024 2134 143 36 échapper
3185 2134 25 27 le
3233 2135 98 28 moine

2576 2169 41 28 du
2643 2170 97 27 réseau
2766 2170 52 27 des
2842 2170 67 32 lois,
2939 2176 73 20 nous
3035 2176 188 26 recourrons,
3252 2177 78 20 nous

2577 2205 88 32 aussi,
2678 2205 17 25 à
2704 2204 19 32 l'
2735 2213 17 18 «
2765 2205 95 26 action
2875 2204 105 27 directe
2993 2212 26 18 ».

2612 2239 35 28 Et
2659 2246 74 20 nous
2745 2240 101 34 jurons
2861 2239 65 27 bien
2944 2246 56 27 que
3019 2238 69 27 d'un
3110 2239 72 26 bout
3200 2238 40 27 du
3261 2246 68 28 pays

2575 2274 18 26 à
2607 2273 109 33 l'autre,
2731 2274 24 27 si
2769 2281 76 20 nous
2859 2274 95 26 crions
2965 2281 8 18 :
2989 2281 17 18 «
3017 2272 57 27 Sus
3093 2281 57 19 aux
3169 2272 112 27 moines
3293 2274 8 25 !
3312 2281 18 18 »

2575 2307 51 28 des
2652 2307 108 28 bandes
2791 2307 164 36 d'apaches,
2980 2306 246 36 libres-penseurs,
3257 2314 74 20 mar-

2574 2343 121 27 cheront
2708 2350 57 19 aux
2779 2349 149 20 couvents.

2613 2389 91 33 Nous
2724 2398 42 22 ne
2789 2390 200 41 répondrons
3016 2389 69 31 rien
3112 2389 20 31 à
3155 2398 51 22 ces
3228 2389 103 32 hurle-

2576 2437 102 23 ments
2693 2429 39 30 de
2745 2428 70 31 fous
2830 2429 136 35 furieux,
2983 2429 81 29 mais
3079 2438 84 21 nous
3179 2428 151 40 rappelle-

2573 2478 76 21 rons
2661 2467 206 40 simplement
2875 2466 78 42 qu'il
2966 2477 22 37 y
3001 2477 18 20 a
3034 2467 152 40 quelques
3203 2468 83 30 mois
3297 2468 31 31 la

2573 2506 98 32 horde
2684 2516 32 21 se
2729 2516 57 21 rua
2797 2507 81 30 dans
2890 2515 58 22 nos
2959 2505 112 40 églises
3079 2515 81 30 pour
3167 2515 36 21 ce
3215 2506 114 39 qu'elle

2571 2546 122 40 appelle
2706 2544 42 32 l'«
2762 2545 105 31 action
2888 2546 115 31 directe
3023 2554 20 20 »
3049 2553 10 29 ;
3076 2544 59 31 elle
3156 2543 49 32 fut
3227 2544 102 41 plutôt

2572 2585 65 32 mal
2649 2594 102 30 reçue.

2610 2625 46 30 La
2674 2624 99 30 horde
2794 2624 103 30 aurait
2918 2629 62 23 tort
3001 2622 41 30 de
3062 2632 36 20 se
3113 2623 105 38 priver
3231 2623 41 30 de
3295 2624 32 30 la

2571 2663 174 40 protection
2764 2662 55 31 des
2838 2661 238 31 commissaires
3099 2660 40 32 de
3167 2661 102 39 police
3297 2669 31 24 et

2570 2701 54 31 des
2637 2700 201 41 gendarmes.

2754 2748 38 30 LE
2809 2748 129 30 DESERT
2956 2747 41 30 DE
3015 2747 35 29 LA
3067 2746 223 31 CHARTREUSE

2608 2802 53 30 On
2680 2801 60 30 sait
2762 2810 64 30 que
2846 2801 44 30 les
2912 2799 183 31 vénérables
3115 2800 151 39 religieux
3285 2799 41 32 de

2569 2840 40 30 de
2627 2839 30 30 la
2680 2838 129 31 Grande
2836 2838 190 31 Chartreuse
3052 2838 230 31 entretenaient
3307 2838 19 30 à

2570 2877 85 31 leurs
2668 2877 75 30 frais
2757 2883 101 24 toutes
2871 2878 45 28 les
2932 2882 104 24 routes
3046 2877 55 39 qui
3112 2876 215 31 desservaient

2570 2915 30 32 le
2613 2922 138 25 couvent
2764 2921 31 25 et
2808 2915 45 30 les
2865 2924 192 21 communes
3073 2915 150 31 voisines.

2612 2955 39 31 Et
2664 2964 34 22 ce
2713 2955 106 30 n'était
2833 2964 55 30 pas
2903 2963 64 21 une
2981 2953 109 31 affaire
3104 2954 39 31 de
3158 2963 60 30 peu
3233 2954 94 31 d'im-

2570 3001 149 34 portance
2733 2992 81 31 dans
2835 3002 43 21 un
2892 3001 76 42 pays
2982 2992 42 31 où
3039 2992 45 31 les
3105 3001 107 30 orages
3234 2999 30 24 et
3277 2992 46 32 les

2568 3032 192 32 avalanches
2782 3031 72 32 font
2872 3023 124 48 chaque
3017 3031 105 30 année
3140 3031 22 31 d
3173 3031 149 31 énormes

2568 3072 119 39 dégâts.

2610 3110 203 40 L'expulsion
2828 3110 55 31 des
2891 3110 125 31 moines
3030 3119 19 22 a
3064 3110 62 31 mis
3136 3110 19 30 à
3168 3109 30 30 la
3211 3108 115 41 charge

2569 3150 44 31 du
2628 3149 217 41 département
2859 3155 30 24 et
2902 3149 55 30 des
2977 3157 190 22 communes
3185 3147 46 30 les
3250 3147 75 31 frais

2569 3188 39 32 de
2635 3195 48 24 cet
2710 3185 153 34 entretien
2891 3194 39 29 et,
2953 3187 55 31 dès
3034 3193 77 25 cette
3137 3186 114 36 année,
3277 3185 45 32 les

2570 3237 136 32 paysans
2719 3233 30 24 et
2762 3226 44 31 les
2821 3227 146 30 touristes
2979 3232 58 25 ont
3050 3235 39 22 eu
3103 3226 19 30 à
3137 3235 33 22 se
3177 3224 146 41 plaindre

2568 3276 44 22 du
2628 3266 143 32 mauvais
2786 3267 61 29 état
2860 3265 54 31 des
2928 3264 158 32 chemins.

2609 3305 179 38 D'ailleurs,
2808 3304 30 31 la
2861 3304 176 41 statistique
3063 3304 56 31 des
3147 3313 174 32 voyageurs

2570 3355 80 31 pour
2663 3351 77 26 cette
2753 3344 104 30 année
2872 3353 120 31 prouve
3005 3353 63 21 aue
3083 3344 30 30 la
3129 3344 194 31 Chartreuse

2569 3385 74 30 tend
2671 3384 19 29 à
2717 3382 132 31 devenir
2873 3392 34 21 ce
2933 3382 114 40 qu'elle
3074 3382 74 31 était
3175 3391 75 20 sans
3277 3381 45 31 les

2567 3422 179 32 Chartreux
2759 3431 11 21 :
2784 3431 47 21 un
2845 3420 112 32 désert.

2606 3461 91 31 Ainsi
2707 3469 39 22 en
2767 3469 84 30 1902,
2859 3460 43 30 les
2908 3469 67 21 cars
2983 3459 105 40 alpins
3103 3459 220 31 seulsavaient

2567 3500 134 31 conduit
2724 3509 43 20 un
2791 3499 76 31 total
2885 3499 40 30 de
2940 3497 88 40 4620
3048 3506 172 32 voyageurs
3240 3497 83 30 dans

2566 3539 32 29 la
2611 3546 172 32 montagne
2798 3537 39 31 de
2851 3537 69 40 juin
2936 3537 17 29 à
2968 3537 138 31 octobre.

2607 3577 48 31 En
2674 3577 84 39 1903,
2775 3586 35 22 ce
2822 3575 111 32 chiffre
2952 3582 46 24 est
3017 3575 107 31 tombé
3137 3574 142 37 pendant
3292 3575 31 30 la

2568 3616 105 31 même
2693 3615 127 41 période
2838 3615 17 30 à
2879 3626 17 20 2
2907 3615 69 35 880,
2993 3625 40 20 au
3048 3618 98 36 grand
3163 3613 159 46 préjudice

2566 3654 54 32 des
2635 3654 147 31 hôteliers
2794 3655 39 30 de
2846 3653 159 32 Grenoble
3018 3660 30 23 et
3060 3653 39 30 de
3114 3654 30 29 la
3159 3652 121 39 région.

2606 3693 142 40 Lorsque
2766 3693 44 30 les
2828 3699 104 24 routes
2952 3697 108 25 seront
3078 3691 159 31 devenues
3261 3692 60 29 im-

2566 3732 183 40 praticables
2767 3731 85 31 faute
2872 3731 38 30 de
2924 3730 113 31 crédits
3057 3729 163 31 suffisants
3236 3739 83 30 pour

2564 3772 45 31 les
2623 3771 181 37 entretenir,
2819 3780 35 21 ce
2868 3779 69 21 sera
2951 3769 73 30 bien
3039 3775 87 25 autre
3140 3767 106 32 chose.

2852 3837 147 32 MONNAIE
3020 3836 264 33 MORALISATRICE

2605 3894 142 39 Lorsque
2764 3892 45 30 les
2834 3892 97 40 Papes
2959 3891 179 39 frappaient
3166 3899 153 21 monnaie

2564 3939 96 26 avant
2687 3934 31 30 la
2736 3929 170 43 spoliation
2930 3930 44 31 du
3003 3929 191 42 patrimoine
3216 3928 106 41 ponti-

2564 3970 82 38 fical,
2662 3971 38 31 ils
2713 3971 127 30 avaient
2853 3980 38 21 su
2903 3980 40 21 en
2956 3970 138 40 quelque
3108 3975 81 25 sorte
3204 3968 117 31 relever

2563 4010 30 30 la
2617 4010 134 31 mission
2775 4009 45 30 du
2839 4009 43 30 vil
2903 4008 95 30 métal
3017 4018 40 20 en
3077 4007 118 31 faisant
3207 4016 112 30 graver

2564 4057 55 22 sur
2633 4049 44 30 les
2691 4048 101 40 pièces
2807 4047 54 30 des
2875 4047 124 30 devises
3014 4046 148 30 morales.

2603 4086 83 32 C'est
2704 4086 83 30 ainsi
2809 4085 98 42 qu'on
2933 4090 73 35 peut
3023 4084 57 31 lire
3098 4094 56 21 sur
3167 4083 44 31 les
3227 4093 93 22 mon-

2565 4127 88 30 naies
2668 4125 189 32 d'Innocent
2870 4124 75 32 XIII
2968 4124 44 32 Ut
3030 4124 96 31 detur
3145 4125 93 39 (pour
3256 4123 63 31 être

2563 4165 133 39 donné).
2726 4164 160 32 Solarium
2906 4163 130 31 miseris
3063 4164 96 39 (pour
3180 4162 63 31 être
3272 4172 45 21 un

2563 4204 221 41 soulagement
2811 4213 62 21 aux
2897 4202 220 40 malheureux)
3143 4210 55 22 sur
3223 4200 94 31 celles

2562 4243 40 30 de
2628 4242 109 32 Benoît
2763 4243 71 31 XII.
2863 4242 148 32 Clément
3033 4241 45 31 XI
3106 4250 32 21 se
3156 4240 163 30 demande

2563 4284 74 39 quel
2651 4288 47 25 est
2711 4281 29 30 le
2755 4282 65 29 vrai
2836 4290 128 31 pauvre,
2980 4278 28 43 et
3017 4278 24 43 il
3057 4278 120 41 répond
3187 4289 8 20 :
3204 4278 116 31 l'avare

2564 4321 97 41 (Quis
2673 4330 129 32 pauper
2809 4320 19 30 ?
2839 4337 41 7 —
2893 4319 155 39 Avarus).
3065 4318 47 31 Ne
3127 4317 193 32 thésaurisez

2563 4371 67 30 pas,
2658 4359 215 41 conseille-t-il
2911 4367 54 22 sur
3004 4366 64 22 une
3102 4363 87 25 autre
3222 4357 96 40 pièce,

2564 4400 126 41 (Nolite
2704 4396 417 43 thesaurizare).Innocent
3135 4396 30 43 XI
3175 4395 122 43 suggère
3306 4395 11 43 :

2562 4438 46 33 Ce
2635 4448 62 32 que
2719 4438 63 40 j'ai,
2795 4438 36 46 je
2850 4444 31 24 te
2895 4437 29 31 le
2939 4436 129 30 donne!
3092 4435 109 48 ((Quod
3222 4435 98 30 habeo

2563 4479 62 31 tibi
2651 4479 67 38 do),
2736 4483 30 24 et
2792 4476 148 32 Clément
2959 4474 76 31 XIII
3060 4473 226 31 recommande
3310 4484 9 19 :

2563 4517 149 32 N'oublie
2730 4525 55 31 pas
2806 4516 45 31 les
2870 4522 133 34 pauvres
3025 4513 65 39 (Ne
3113 4512 206 32 obliviscaris

2561 4558 207 39 pauperum).

2604 4595 160 31 N'était-ce
2774 4603 54 29 pas
2835 4602 64 21 une
2910 4592 113 40 pensée
3029 4590 172 32 touchante
3214 4590 108 40 quede

2564 4633 141 40 rappeler
2727 4631 81 30 ainsi
2833 4640 63 21 aux
2918 4638 197 31 possesseurs
3133 4628 41 31 de
3186 4628 136 40 l'argent

2564 4672 118 41 l'usage
2696 4670 95 41 qu'ils
2804 4669 148 33 devaient
2965 4677 41 22 en
3017 4667 101 32 faire?

2839 4732 137 36 L'ÉCOLE
2996 4735 62 31 DES
3078 4735 207 31 CONCIERGES

2603 4792 84 40 C'est
2713 4800 64 23 une
2804 4791 196 40 publication
3028 4790 147 39 speciale,
3205 4797 118 32 organe

2564 4833 56 31 des
2630 4830 217 43 propriétaires
2860 4828 225 32 d'immeubles
3092 4827 164 41 parisiens,
3264 4827 58 42 qui

2566 4881 83 20 nous
2677 4870 101 30 révèle
2806 4868 177 30 l'existence
3010 4867 145 39 jusqu'ici
3190 4866 133 39 insoup-

2565 4909 122 40 çonnée
2708 4908 40 30 de
2773 4914 77 24 cette
2870 4905 180 33 institution
3065 4916 8 20 :
3095 4898 19 49 «
3132 4903 109 33 l'école
3265 4897 56 39 dès

2565 4949 179 36 concierges
2758 4956 33 26 s»,
2805 4946 80 30 dont
2899 4945 44 30 les
2960 4953 94 21 cours
3071 4944 150 39 réguliers
3242 4949 81 24 vont

2567 4994 236 24 recommencer
2815 4984 90 40 après
2916 4984 29 30 la
2956 4982 127 41 période
3093 4982 55 31 des
3158 4991 164 21 vacances.

2607 5026 89 31 Nous
2708 5034 41 21 ne
2761 5024 214 31 connaissons
2991 5031 55 31 pas
3058 5021 46 31 les
3111 5022 97 39 sujets
3217 5020 106 31 traités

2567 5075 56 33 par
2641 5065 44 30 les
2708 5063 195 41 professeurs
2928 5060 57 42 qui
3013 5061 133 31 doivent
3166 5061 63 30 être
3250 5069 75 21 sans

2567 5105 96 30 doute
2676 5103 55 31 des
2750 5099 250 43 professionnels
3020 5099 148 31 blanchis
3186 5098 30 30 la
3234 5099 91 29 main

2566 5152 43 22 au
2623 5142 133 35 cordon,
2779 5140 81 31 mais
2874 5149 45 21 on
2933 5144 76 34 peut
3030 5147 75 21 sans
3126 5138 98 30 doute
3245 5137 85 29 ima-

2567 5182 91 39 giner
2671 5179 122 32 ceux-ci
2808 5189 10 19 :

2610 5220 45 30 De
2676 5219 69 31 l'art
2762 5217 164 31 d'extraire
2948 5214 46 31 les
3018 5222 115 23 termes
3152 5222 76 23 sans
3248 5212 80 31 dou-

2569 5259 71 31 leur
2651 5268 11 28 ;
2691 5257 40 31 de
2759 5256 31 31 la
2818 5254 151 33 nécessité
2996 5254 96 30 d'être
3118 5252 155 32 aimables
3289 5258 31 25 et

3403 1170 147 39 gracieux
3569 1179 62 22 aux
3657 1170 172 47 approches
3856 1171 40 30 de
3922 1170 30 31 la
3982 1169 175 47 Saint-Syl-

3403 1216 102 24 vestre
3521 1218 12 28 ;
3561 1209 56 31 des
3643 1208 162 33 différents
3840 1208 152 41 systèmes
4023 1209 40 31 de
4098 1209 58 32 lire

3402 1247 289 32 convenablement
3711 1257 64 22 une
3797 1248 88 32 lettre
3909 1247 21 31 à
3953 1255 120 25 travers
4092 1258 62 21 son

3400 1286 186 41 enveloppe,
3602 1293 58 24 etc.

3441 1326 82 31 Mais
3543 1335 35 22 ce
3599 1332 74 25 sont
3693 1325 32 32 là
3743 1326 41 31 de
3805 1327 171 49 plaisantes
3999 1326 155 41 querelles

3399 1363 90 32 faites
3509 1365 18 30 à
3546 1364 30 31 la
3594 1365 60 30 très
3680 1357 176 39 honorable
3874 1366 200 39 corporation
4097 1365 56 31 des

3397 1404 190 40 concierges,
3615 1410 31 23 et
3668 1403 22 30 il
3715 1404 67 30 faut
3809 1404 197 31 reconnaître
4032 1414 63 36 que
4121 1403 31 31 la

3397 1441 126 41 plupart
3544 1442 92 31 n'ont
3658 1451 56 30 pas
3737 1442 111 32 besoin
3868 1442 112 31 d'aller
3994 1443 22 30 à
4039 1433 114 40 l'école

3397 1489 82 30 pour
3503 1481 177 41 apprendre
3696 1481 20 30 à
3742 1481 65 32 être
3821 1482 232 31 aimablement
4069 1481 84 32 obli-

3394 1525 122 34 geants.

3481 1591 60 31 LES
3562 1592 127 31 TUCHES
3705 1593 42 30 DU
3762 1592 119 33 SOLEIL
3901 1592 43 32 ET
3963 1589 39 36 LA
4015 1592 99 32 PLOIE

3433 1649 45 32 Le
3489 1659 114 23 savant
3623 1651 81 30 abbé
3726 1651 135 31 Moreux
3879 1651 21 30 k
3919 1651 56 40 qui
3997 1651 65 30 l'on
4080 1650 69 31 doit

3392 1689 47 29 les
3457 1689 108 30 études
3586 1690 28 30 si
3629 1690 177 39 appréciées
3826 1698 57 23 sur
3899 1686 51 42 les
3967 1689 106 31 taches
4096 1698 53 21 so-

3393 1727 90 32 laires
3516 1735 46 25 est
3592 1729 179 31 convaincu
3808 1738 62 31 que
3904 1737 82 22 nous
4020 1728 122 32 devons

3391 1766 210 32 l'abondance
3612 1768 57 30 des
3684 1768 102 40 pluies
3799 1768 41 31 de
3858 1773 78 25 cette
3955 1767 102 31 année
4073 1768 20 29 à
4109 1775 38 22 ce

3390 1805 58 31 fait
3461 1816 10 20 :
3486 1817 61 29 que
3562 1808 44 29 les
3618 1803 120 42 années
3744 1808 19 28 à
3772 1807 107 30 taches
3884 1806 31 31 le
3925 1806 89 30 soleil
4028 1806 116 30 envoie

3390 1843 72 40 plus
3474 1844 40 32 de
3523 1845 131 31 chaleur
3663 1845 20 30 à
3690 1845 32 31 la
3729 1852 91 24 terre.
3832 1845 46 31 La
3889 1844 132 31 chaleur
4028 1844 117 32 solaire

3388 1891 219 32 augmentant,
3629 1883 225 41 l'évaporation
3874 1883 56 31 des
3956 1883 123 31 Océans
4097 1890 48 23 est

3389 1921 73 40 plus
3472 1922 81 32 forte
3564 1931 32 24 et
3607 1932 58 30 par
3673 1924 84 30 suite
3774 1923 48 32 les
3841 1922 103 40 pluies
3956 1923 75 40 plus
4041 1923 104 31 abon-

3388 1961 123 31 dantes.

3429 2000 158 41 Interrogé
3599 2010 57 21 sur
3667 2001 31 30 la
3711 2001 98 31 durée
3822 2001 57 30 des
3893 2001 106 30 taches
4010 2001 133 30 solaires

3386 2039 224 31 actuellement
3624 2039 175 36 observées,
3815 2039 103 31 l'abbé
3940 2039 134 31 Moreux
4094 2047 50 22 es-

3385 2077 79 31 time
3472 2077 130 46 qu'elles
3611 2079 152 30 dureront
3776 2078 102 31 douze
3888 2086 62 22 ans
3962 2087 126 22 encore.

3425 2116 95 33 Voilà
3532 2118 59 40 qui
3604 2125 48 24 est
3664 2124 70 25 tout
3750 2117 21 32 à
3784 2117 58 32 fait
3852 2124 246 33 encourageant.

3387 2205 133 52 LA
3602 2202 536 54 DIVERSION

3419 2303 42 28 La
3476 2301 159 31 diversion
3651 2303 171 27 bouffonne
3836 2302 146 29 inventée
4000 2301 69 29 hier
4084 2307 57 28 par

3384 2337 30 28 le
3439 2338 146 28 Radical
3611 2338 49 26 n'a
3687 2343 56 29 pas
3768 2337 103 27 bonne
3899 2342 117 28 presse.
4042 2335 97 27 Notre

3384 2371 153 35 confrère,
3549 2379 41 21 on
3600 2372 28 27 le
3642 2371 69 31 sait,
3721 2370 129 29 écrivait
3862 2377 77 21 avec
3954 2376 43 21 un
4011 2369 128 28 sérieux

3384 2407 146 35 comique
3538 2414 8 20 :
3561 2416 15 16 «
3584 2407 43 27 La
3639 2405 230 36 Congrégation
3876 2404 80 28 n'est
3969 2411 56 28 pas
4039 2404 101 27 étran-

3383 2440 75 35 gère
3471 2448 62 21 aux
3550 2441 142 28 émeutes
3705 2438 39 30 de
3758 2441 29 26 la
3798 2440 120 27 Bourse
3933 2438 42 29 du
3991 2438 122 28 travail.
4121 2446 16 18 »

3418 2485 15 16 «
3449 2478 137 29 Avouez,
3602 2475 45 28 dit
3667 2475 29 27 la
3716 2474 208 34 République
3944 2473 192 35 française,

3383 2509 76 36 qu'il
3473 2510 54 27 eût
3544 2510 48 28 été
3611 2510 166 34 dommage
3795 2509 118 35 qu'une
3928 2507 87 28 aussi
4035 2510 103 26 extra-

3382 2547 138 32 vagante
3540 2543 186 29 bobècherie
3749 2543 48 28 fût
3816 2542 249 29 exclusivement
4087 2541 46 29 ré-

3383 2579 109 28 servée
3504 2586 63 21 aux
3580 2579 133 28 lecteurs
3727 2578 43 27 du
3786 2577 155 30 Radical.
3957 2586 15 17 »

3416 2613 40 28 Et
3468 2614 31 27 la
3510 2613 211 35 République
3733 2612 183 35 française
3926 2612 148 28 continue
4087 2620 9 18 :

3412 2660 145 28 Espérons
3579 2666 72 26 pour
3666 2660 27 25 la
3707 2660 150 26 mentalité
3870 2659 37 25 de
3923 2659 109 25 ceux-ci
4045 2657 85 33 qu'ils

3382 2696 34 20 se
3428 2692 101 24 seront
3550 2696 122 27 aperçus
3686 2696 56 27 que
3753 2691 64 25 leur
3827 2689 116 33 journal
3959 2689 76 25 avait
4048 2688 85 26 voulu

3382 2721 57 25 rire
3450 2728 40 19 un
3505 2721 63 25 brin
3582 2724 29 23 et
3623 2720 139 31 éprouver
3777 2722 61 24 leur
3853 2721 154 30 puissance
4021 2719 36 25 de
4071 2718 63 26 cré-

3382 2751 98 31 dulité,
3493 2758 114 20 comme
3627 2752 18 24 d
3654 2753 99 24 autres
3772 2752 147 30 journaux
3941 2749 163 26 s'amusent
4116 2749 19 26 à

3382 2787 132 20 mesurer
3526 2782 200 30 l'intelligence
3738 2782 37 25 de
3789 2782 77 25 leurs
3880 2781 124 25 lecteurs
4019 2785 38 20 en
4070 2780 63 25 leur

3382 2812 108 25 faisant
3503 2811 137 27 chercher
3650 2812 53 25 des
3712 2812 109 25 trésors
3835 2816 70 21 sous
3920 2810 52 25 des
3980 2809 101 27 arbres
4094 2815 39 19 ou

3381 2843 129 30 compter
3523 2842 51 25 des
3586 2842 99 32 grains
3698 2842 35 26 de
3746 2842 100 25 millet.

3412 2871 24 25 Il
3451 2872 45 34 n'y
3513 2877 18 19 a
3557 2877 52 25 pas
3630 2872 18 24 à
3666 2871 69 26 dire,
3748 2873 63 23 tout
3834 2871 62 25 cela
3922 2870 131 25 donnera
4075 2874 59 20 une

3381 2901 87 25 crâne
3490 2901 63 25 idée
3579 2901 37 26 de
3640 2901 109 31 l'esprit
3773 2900 128 32 français
3927 2905 37 20 au
3982 2898 90 26 début
4096 2898 40 25 du

3379 2937 52 19 XXe
3444 2931 96 26 siècle.

3412 2961 55 25 Les
3488 2962 145 25 membres
3654 2961 36 25 de
3709 2961 29 25 la
3755 2960 222 26 Confédération
3997 2958 138 33 générale

3379 2992 39 25 du
3432 2991 102 26 travail
3548 2998 36 19 ne
3600 2993 123 31 peuvent
3744 2997 51 26 pas
3815 2992 93 25 rester
3925 2996 70 20 sous
4014 2990 27 26 le
4062 2995 73 32 coup

3379 3022 36 25 de
3439 3022 133 31 pareilles
3592 3022 203 25 insinuations.
3819 3022 111 30 Songez
3952 3020 84 30 donc,
4061 3019 74 26 voila

3378 3052 53 26 des
3446 3051 129 32 citoyens
3591 3052 258 26 révolutionnaires
3866 3051 48 30 qui
3936 3050 133 26 auraient
4087 3048 47 27 été

3378 3082 145 31 soudoyés
3544 3089 53 24 par
3613 3082 52 25 l'or
3681 3080 236 33 congréganiste!
3933 3080 58 26 Ohl
4006 3080 35 25 Et
4059 3079 75 25 voilà

3379 3113 52 25 des
3452 3107 89 37 chefs,
3557 3118 115 20 comme
3691 3112 42 25 les
3753 3112 85 31 Lévy,
3856 3112 42 24 les
3919 3111 146 31 Bousquet
4085 3108 49 32 qui

3380 3143 203 30 pactiseraient
3601 3148 70 18 avec
3689 3142 43 24 les
3751 3142 127 24 moines)
3900 3141 40 24 Ils
3965 3140 170 30 s'explique-

3378 3174 67 23 ront
3464 3172 219 25 certainement.
3703 3171 35 25 Et
3759 3176 34 20 ce
3819 3176 67 20 sera
3909 3176 58 19 une
3991 3170 78 25 suite
4095 3174 39 19 au

3378 3208 104 20 roman
3495 3202 39 25 du
3549 3201 142 28 Radical.

3379 3296 63 59 LA
3507 3295 283 59 SITUATION
3854 3293 278 66 POLITIQUE

3411 3408 68 27 Une
3500 3407 59 28 fois
3580 3412 123 25 encore,
3730 3405 22 28 il
3780 3404 121 29 semble
3921 3404 72 28 bien
4017 3411 62 28 que
4100 3403 31 28 1a

3395 3441 76 62 petite
3485 3440 215 28 combinaison
3715 3440 38 26 de
3769 3440 40 26 M.
3826 3439 135 27 Combes
3977 3445 19 19 a
4015 3437 114 28 réussi.

3413 3473 20 34 a
3453 3473 55 34 crié
3517 3473 11 34 ;
3549 3481 43 20 on
3614 3474 137 26 accourt.
3771 3472 60 28 Les
3849 3471 185 32 socialistes,
4050 3477 81 28 pour

3378 3517 39 21 ne
3431 3515 56 29 pas
3498 3515 140 28 ennuyer
3656 3506 28 29 le
3703 3506 158 36 président
3881 3505 42 29 du
3942 3506 135 32 Conseil,
4092 3512 38 21 se

3377 3545 67 26 font
3452 3543 73 35 plus
3534 3543 94 28 doux.
3641 3541 44 28 Ils
3695 3543 143 26 voteront
3843 3540 47 29 les
3900 3540 92 28 fonds
4000 3542 128 26 secrets.

3378 3577 161 29 M.Jaurès
3554 3577 55 28 fait
3619 3583 173 28 campagne
3803 3574 114 36 auprès
3930 3574 39 29 de
3981 3581 53 22 ses
4046 3574 82 28 amis

3378 3620 79 28 pour
3470 3610 92 37 qu'ils
3576 3611 139 29 donnent
3724 3618 61 21 une
3795 3617 118 29 preuve
3919 3609 39 29 de
3970 3608 160 30 confiance

3377 3646 244 29 extraordinaire
3647 3645 18 28 à
3693 3646 40 27 M.
3757 3645 144 28 Combes.
3930 3644 44 28 Le
4000 3644 56 27 fait
4081 3644 49 27 est

3377 3681 73 37 qu'il
3465 3683 48 26 est
3525 3681 132 27 curieux
3671 3678 37 38 de
3723 3678 63 38 voir
3801 3681 45 26 les
3855 3677 176 29 socialistes
4038 3679 90 26 voter

3376 3716 46 29 les
3448 3715 91 28 fonds
3561 3716 133 31 secrets;
3718 3713 79 28 mais
3821 3719 121 22 comme
3960 3711 40 29 ils
4017 3712 113 28 savent

3376 3751 73 27 bien
3464 3749 133 36 l'emploi
3610 3748 93 37 qu'on
3719 3755 39 21 en
3773 3747 63 34 fait,
3850 3747 41 28 ils
3905 3746 138 28 seraient
4054 3746 74 27 bien

3374 3786 124 32 ingrats
3510 3784 40 28 de
3561 3783 47 29 les
3620 3783 134 28 refuser.
3807 3798 8 13 .

3410 3821 41 25 M.
3465 3819 112 27 Jaurès
3590 3817 83 29 avait
3685 3818 101 28 même
3799 3816 143 29 annoncé
3950 3816 74 35 qu'il
4039 3815 91 28 ferait

3376 3861 44 22 un
3434 3853 143 28 discours
3591 3852 18 28 à
3628 3860 35 20 ce
3679 3853 98 33 sujet;
3792 3852 72 34 puis
3882 3849 23 29 il
3921 3850 75 28 s'est
4013 3850 114 28 ravisé.

3376 3888 25 28 Il
3414 3895 35 21 se
3463 3886 265 36 compromettrait
3739 3888 80 32 trop.
3828 3885 27 28 Il
3863 3891 41 20 ne
3918 3884 121 35 parlera
4052 3891 57 27 pas
4116 3891 10 24 ;

3376 3922 79 29 mais
3470 3921 21 29 il
3503 3921 154 36 multiplie
3671 3920 44 29 les
3730 3920 193 28 démarches.

3412 3958 42 27 Ce
3470 3957 74 33 soir,
3561 3957 40 27 M.
3620 3956 134 28 Combes
3776 3962 77 21 aura
3876 3960 36 22 sa
3936 3953 151 35 majorité.
4103 3951 26 29 Il

3375 4000 70 22 sera
3459 3993 134 27 content.
3603 3991 25 28 Il
3642 3991 127 27 restera.
3781 3990 25 28 Il
3816 3990 50 27 n'a
3878 3988 137 35 imaginé
4029 3988 99 35 qu'un

3374 4030 90 25 vaste
3490 4025 88 33 bluff,
3603 4024 153 28 d'aucuns
3777 4024 105 27 disent
3902 4029 46 20 un
3975 4022 155 33 chantage

3375 4068 41 21 en
3429 4060 96 35 règle.

3408 4095 159 32 Pourtant,
3581 4095 63 28 afin
3657 4092 75 37 qu'il
3752 4093 50 34 n'y
3821 4092 44 27 ait
3878 4096 57 29 pas
3957 4090 168 28 d'accrocs.

3374 4131 42 28 M.
3430 4130 132 29 Combes
3577 4130 147 28 continue
3742 4134 53 21 ses
3814 4119 210 36 confidences.
4039 4124 27 29 Il
4078 4126 51 27 est

3374 4165 99 33 triste,
3494 4161 32 37 oh
3536 4161 12 37 !
3576 4164 72 29 bien
3670 4162 98 29 triste.
3794 4160 26 29 Il
3842 4160 29 29 le
3890 4159 55 28 fait
3967 4159 66 29 dire
4066 4165 64 22 aux

3371 4200 161 35 journaux
3546 4198 39 28 de
3598 4197 149 37 province
3761 4203 55 29 par
3830 4195 151 34 l'Agence
3997 4194 131 28 Havas.

3409 4234 79 28 Mais
3502 4241 113 21 encore
3634 4238 64 22 une
3711 4230 69 32 fois,
3802 4229 41 28 M.
3857 4228 134 28 Combes
4016 4235 39 21 ne
4076 4226 53 29 de-

3376 4267 112 29 mande
3502 4267 70 36 qu'à
3590 4267 100 28 rester
3705 4272 43 20 au
3762 4263 150 36 pouvoir;
3925 4264 32 26 et
3969 4269 43 22 on
4029 4269 41 20 va
4082 4269 49 20 re-

3375 4302 115 37 plâtrer
3501 4302 28 28 le
3543 4311 15 16 «
3569 4301 70 28 bloc
3651 4309 16 17 »
3675 4300 68 26 tant
3757 4298 71 28 bien
3841 4304 64 28 que
3917 4296 75 34 mal,
4004 4296 19 27 à
4034 4296 31 27 la
4079 4295 52 28 vé-

3375 4336 59 29 rité
3446 4336 101 35 plutôt
3557 4336 62 27 mal
3632 4341 62 27 que
3706 4333 83 28 bien.

3375 4438 288 51 IMPORTANTE
3678 4429 205 54 RÉUNION
3903 4433 64 48 AU
3985 4425 145 55 SÉNAT

3406 4538 129 25 L'Union
3548 4533 195 34 républicaine
3755 4532 70 25 s'est
3836 4530 100 27 réunie
3945 4531 75 24 cette
4034 4529 97 31 après-

3375 4567 70 26 midi
3460 4572 70 19 sous
3544 4566 29 24 la
3585 4557 168 39 présidence
3766 4561 37 27 de
3818 4562 38 24 M.
3874 4560 143 26 Lourties.

3406 4597 46 29 Un
3463 4595 92 33 grand
3571 4593 121 26 nombre
3714 4593 35 25 de
3764 4592 147 25 membres
3925 4589 36 26 de
3977 4595 33 20 ce
4022 4594 109 27 groupe

3375 4626 109 27 étaient
3506 4626 141 31 présents.
3677 4623 183 24 notamment
3887 4620 67 25 MM.
3982 4616 150 28 Waldeck-

3376 4659 160 24 Rousseau,
3550 4654 75 26 Jean
3639 4654 111 30 Dupuy,
3757 4651 119 32 Magnin
3891 4650 29 25 et
3932 4648 129 26 Antonin
4076 4648 55 25 Du-

3375 4688 75 26 bost.
3772 4711 110 9 ...

3407 4718 40 26 Le
3459 4716 147 33 président
3619 4714 133 34 explique
3766 4712 118 26 d'abord
3898 4716 58 24 que
3971 4711 28 24 le
4020 4713 111 27 groupe

3376 4750 47 26 est
3446 4747 82 27 réuni
3555 4752 70 26 pour
3652 4741 115 29 décider
3788 4740 46 37 s'il
3861 4740 61 26 doit
3945 4740 136 26 accepter
4105 4738 28 25 le

3377 4779 94 32 projet
3497 4776 141 26 Chaumié
3668 4780 37 21 ou
3737 4774 27 24 le
3797 4772 92 32 projet
3918 4770 128 25 Thézard
4058 4777 7 20 ;
4094 4774 37 19 en

3376 4808 154 27 deuxième
3550 4807 67 27 lieu,
3636 4804 44 26 s'il
3698 4803 61 25 doit
3779 4802 121 26 assister
3920 4801 18 25 à
3959 4801 28 25 la
4009 4799 122 27 réunion

3376 4831 125 40 plénière
3513 4831 49 39 que
3573 4830 126 40 désirent
3706 4830 44 39 les
3760 4829 123 39 groupes
3895 4829 33 39 de
3938 4830 29 26 la
3976 4829 154 27 Chambre.

3407 4869 38 24 M.
3460 4867 300 26 Waldeck-Rousseau
3770 4862 88 32 prend
3865 4861 115 26 ensuite
3988 4861 29 24 la
4025 4859 105 32 parole.

3377 4900 23 25 A
3413 4904 54 19 son
3482 4896 71 28 avis,
3567 4897 28 25 le
3604 4896 89 25 Sénat
3704 4892 182 32 abdiquerait
3900 4892 96 23 toutes
4012 4890 43 25 les
4068 4888 62 32 pré-

3376 4928 146 31 rogatives
3536 4926 60 26 s'ils
3616 4924 173 27 consentent
3813 4923 18 24 à
3848 4920 142 27 délibérer
4003 4925 70 20 avec
4089 4919 44 25 les

3377 4964 127 27 groupes
3515 4957 37 26 de
3562 4956 31 26 la
3604 4954 154 28 Chambre.

3409 4990 115 25 D'autre
3544 4989 73 29 part,
3639 4986 27 25 le
3688 4984 94 32 projet
3797 4981 140 28 Chaumié
3959 4980 40 27 lui
4021 4978 114 28 semble

3378 5020 64 25 seul
3451 5017 195 27 raisonnable.

3410 5049 127 26 L'Union
3552 5046 194 34 républicaine
3761 5050 17 20 a
3796 5043 67 27 voté
3883 5042 78 26 alors
3979 5040 103 27 l'ordre
4096 5039 39 26 du

3376 5081 68 29 jour
3457 5079 118 26 suivant
3589 5085 7 17 :

3411 5118 13 15 «
3452 5109 127 26 L'Union
3597 5106 204 32 républicaine,
3822 5103 115 27 résolue
3960 5103 19 25 à
4001 5103 81 24 voter
4110 5100 27 24 le

3380 5140 94 33 projet
3486 5139 39 25 du
3539 5137 238 32 gouvernement,
3792 5134 105 25 estime
3909 5133 67 31 qu'il
3991 5132 46 34 n'y
4051 5137 18 18 a
4083 5135 54 26 pas

3380 5170 58 25 lieu
3459 5169 36 24 de
3511 5174 33 18 se
3566 5167 104 25 rendre
3687 5166 17 23 à
3726 5164 170 25 l'invitation
3915 5163 48 30 qui
3989 5163 39 23 lui
4050 5167 18 17 a
4092 5160 47 24 été

3381 5200 139 24 adressée
3533 5203 53 26 par
3600 5198 43 24 les
3656 5196 132 24 bureaux
3801 5193 37 25 de
3854 5194 28 23 la
3895 5191 144 26 Chambre
4052 5197 24 17 ».

3413 5229 81 25 Dans
3507 5228 43 25 les
3568 5225 126 29 couloirs
3711 5224 39 26 du
3770 5224 98 26 Sénat,
3887 5228 38 19 on
3949 5220 111 37 prévoit
4081 5223 60 22 une

3382 5258 157 34 prochaine
3552 5256 172 27 dislocation
3736 5254 38 26 de
3787 5254 30 25 la
3829 5248 145 35 majorité.

4209 1184 280 44 L'ABROGATION
4528 1189 50 39 DE
4611 1187 42 42 LA
4688 1188 65 41 LOI
4791 1188 174 44 FALLOUX

4244 1267 129 28 Demain
4391 1267 101 35 jeudi,
4515 1269 29 27 le
4561 1269 94 27 Sénat
4675 1269 66 28 doit
4756 1269 141 29 discuter
4915 1268 50 31 les

4207 1302 120 35 projets
4338 1302 153 29 Chaumié
4504 1305 32 27 et
4548 1303 153 29 Thézard.

4241 1337 47 28 On
4299 1337 80 28 croit
4391 1344 63 28 que
4467 1339 29 26 le
4508 1338 93 28 débat
4611 1345 71 21 sera
4690 1338 143 35 ajourné.

4242 1373 48 26 Au
4317 1377 55 22 cas
4396 1370 41 29 où
4461 1372 29 27 la
4503 1371 180 29 discussion
4705 1374 95 27 serait
4820 1376 140 32 ouverte,

4204 1405 82 28 voici
4300 1406 31 27 ia
4344 1405 72 28 liste
4427 1405 58 29 des
4495 1409 144 25 orateurs
4652 1407 56 34 qui
4718 1406 203 36 prendraient
4930 1405 35 31 la

4204 1440 108 34 parole
4323 1447 11 20 :

4241 1474 73 28 MM.
4339 1473 41 29 de
4408 1474 41 28 La
4453 1475 156 31 marzalle,
4639 1475 133 34 Gourju,
4804 1474 89 30 Vidal
4920 1475 41 29 de

4202 1508 229 34 Saint-Urbain,
4443 1509 167 32 Lintilhac,
4619 1509 139 28 Maxime
4768 1510 149 28 Lecomte
4925 1500 35 40 et

4202 1543 136 28 Béraud.

4246 1635 132 43 POUR
4405 1635 60 42 LE
4492 1626 229 51 GÉNÉRAL
4746 1636 169 43 ANDRÉ

4236 1719 50 29 Un
4306 1720 62 28 ami
4395 1719 40 29 de
4454 1719 41 29 M.
4519 1720 205 29 Clémenceau
4746 1720 46 29 lui
4817 1720 139 36 écrivait,

4200 1748 74 43 qu'il
4293 1762 40 19 ne
4349 1754 166 35 dépendait
4535 1761 62 29 que
4608 1754 40 27 de
4668 1746 42 35 lui
4732 1762 63 27 que
4818 1755 29 27 le
4862 1756 95 27 Sénat

4200 1788 87 29 votât
4299 1788 202 35 l'abrogation
4519 1789 39 28 de
4574 1788 30 28 la
4626 1787 39 29 loi
4682 1787 141 30 Falloux.
4838 1788 25 28 D
4880 1796 75 29 sup-

4199 1824 102 32 posait
4321 1830 42 20 au
4387 1823 155 32 sénateur,
4559 1823 154 27 directeur
4729 1824 39 27 de
4802 1824 151 32 Aurore,

4198 1855 72 64 plus
4281 1856 187 30 d'influence
4481 1857 73 35 qu'il
4577 1856 69 28 n'en
4664 1864 29 21 a.
4711 1857 129 28 Celui-ci
4860 1854 94 31 désil-

4233 1893 111 26 sionne
4356 1899 62 21 son
4428 1890 248 37 correspondant
4686 1891 82 29 dans
4779 1898 66 22 une
4862 1891 91 29 lettre

4196 1926 44 29 où
4251 1934 44 21 on
4306 1927 54 28 lit.·

4229 1970 101 28 Quand
4343 1975 41 19 un
4405 1969 125 33 membre
4544 1969 87 26 d'une
4651 1970 166 25 assemblée
4829 1974 38 20 ne
4883 1971 71 29 peut

4196 2010 55 25 pas
4272 2005 97 24 même
4394 2004 116 24 obtenir
4534 2004 28 25 le
4579 2009 141 20 concours
4740 2004 38 25 de
4797 2009 48 19 ses
4865 2004 88 25 amis

4196 2044 72 25 pour
4283 2040 71 23 faire
4368 2038 111 25 donner
4487 2039 39 24 de
4533 2039 75 23 l'eau
4619 2038 114 30 potable
4742 2039 18 23 à
4771 2043 56 19 nos
4838 2038 114 24 soldais

4194 2078 59 26 que
4267 2072 113 25 décime
4398 2078 40 19 un
4455 2073 132 24 ministre
4604 2071 229 32 d'intelligence
4849 2071 103 31 anky-

4196 2105 85 29 losée,
4295 2112 58 27 que
4367 2106 97 32 peut-il
4477 2106 93 27 faire?

4230 2152 42 26 Ce
4283 2150 263 28 «membred'une
4558 2151 177 27 assemblée
4749 2149 14 29 »
4773 2149 47 29 fut
4828 2150 43 27 M.
4882 2150 69 27 Clé-

4195 2191 163 25 menceau;
4375 2191 37 20 ce
4426 2194 15 15 «
4454 2185 142 27 ministre
4610 2183 228 36 d'intelligence
4853 2184 98 35 anky-

4194 2217 87 30 losée
4293 2228 18 16 »
4323 2221 51 25 est
4386 2217 31 29 le
4427 2218 128 35 général
4569 2218 117 28 André.

4233 2323 258 32 NOUVELLE
4534 2323 354 40 PERQUISITION

4193 2371 78 34 CHEZ
4292 2372 59 33 LES
4372 2372 264 33 PETITES-SOEURS
4652 2372 41 32 DE
4710 2372 239 34 L'ASSOMPTIGE

4227 2448 68 28 Une
4301 2446 144 37 nouvelle
4458 2446 201 37 perquisition
4667 2454 20 20 a
4697 2446 51 28 été
4755 2446 114 36 opérée
4877 2447 69 30 hier

4192 2482 78 28 chez
4290 2482 47 28 les
4359 2481 235 29 Petites-Soeurs
4612 2480 40 29 de
4672 2480 225 35 l'Assomption
4907 2479 40 31 de

4190 2516 131 28 Nevers.

4226 2551 44 28 Le
4283 2551 133 35 Parquet
4428 2552 77 27 veut
4513 2549 237 36 probablement
4757 2549 189 36 poursuivre

4191 2585 95 29 celles
4307 2592 51 29 qui
4379 2585 85 28 n'ont
4482 2592 56 28 pas
4558 2584 49 28 été
4627 2584 175 36 comprises
4824 2582 76 37 dans
4912 2582 35 37 le

4187 2620 167 35 jugement
4366 2619 108 35 frappé
4487 2619 132 35 d'appel.

4189 2710 34 52 A
4242 2710 59 52 LÀ
4319 2710 267 52 RECHERCHE
4604 2710 58 52 DE
4686 2709 61 52 LA
4774 2709 170 54 RAISON

4224 2799 60 28 Les
4297 2804 81 27 gens
4394 2804 54 28 qui
4469 2798 169 27 cherchent
4653 2797 19 27 à
4687 2797 110 28 établir
4812 2796 30 28 le
4860 2796 85 30 culte

4190 2831 39 28 de
4246 2832 31 27 la
4290 2832 115 28 Raison
4428 2839 77 23 avec
4522 2831 49 28 l'R
4585 2831 184 34 majuscule,
4783 2830 162 35 probable-

4191 2867 86 25 ment
4302 2872 91 27 parce
4418 2865 93 33 qu'ils
4537 2866 54 26 ont
4607 2865 99 41 perdu
4727 2866 81 25 cette
4835 2863 108 28 raison

4190 2901 86 26 toute
4289 2898 113 35 simple
4413 2899 53 34 qui
4488 2897 147 41 s'appelle
4650 2898 29 28 le
4692 2905 76 21 sens
4782 2903 159 29 commua,

4190 2934 134 33 avaient,
4334 2932 119 28 l'année
4467 2933 152 34 dernière,
4627 2932 318 30 donnérendez-voui

4189 2969 19 27 à
4230 2968 84 28 leurs
4334 2966 128 36 adeptes
4482 2975 79 27 pour
4583 2969 80 26 cette
4681 2967 100 27 année
4798 2966 20 27 à
4834 2966 107 29 Notre-

4188 3004 108 27 Dame.

4222 3037 43 28 Ils
4285 3038 177 27 annoncent
4480 3044 61 27 que
4560 3037 47 27 les
4631 3035 204 29 événements
4856 3036 86 28 n'ont

4188 3078 56 28 pas
4259 3070 126 29 marché
4398 3070 88 29 selon
4504 3070 67 28 leur
4584 3070 131 32 désir,et
4724 3072 77 27 c'est
4814 3077 41 20 au
4867 3070 75 28 Tro-

4189 3105 121 33 cadéro,
4331 3106 79 27 dans
4427 3112 64 20 une
4510 3105 76 28 salle
4611 3103 39 29 de
4673 3104 164 36 spectacle,
4850 3103 91 36 qu'ils

4189 3140 132 27 devront
4329 3141 80 25 cette
4420 3139 99 27 année
4528 3145 113 20 encore
4650 3139 129 27 évoluer
4788 3139 31 26 et
4827 3130 115 35 danser

4188 3174 29 29 le
4230 3173 181 29 cake-walk.
4427 3172 44 30 Ils
4491 3172 66 29 font
4571 3171 101 36 appel,
4687 3179 80 29 pour
4780 3172 162 35 agrémen-

4187 3210 48 27 ter
4248 3209 66 27 leur
4334 3207 70 33 fête,
4427 3207 18 27 à
4468 3207 55 28 des
4546 3206 141 29 baladins
4707 3208 31 27 et
4750 3206 19 29 à
4784 3207 55 27 des
4854 3206 86 28 théâ-

4187 3242 116 37 treuses
4312 3242 11 37 ;
4337 3242 21 28 il
4371 3241 99 36 paraît
4483 3242 101 28 même
4597 3248 61 28 que
4674 3241 56 29 des
4744 3240 197 37 professeurs

4187 3278 39 28 de
4235 3278 116 27 chimie
4359 3278 54 26 ont
4426 3277 118 34 promis
4562 3276 69 27 leur
4648 3282 164 26 concours,
4819 3281 121 22 comme

4187 3312 28 30 si
4229 3312 30 29 la
4272 3313 104 27 raison
4393 3311 93 35 qu'ils
4499 3310 171 29 cherchent
4681 3309 74 30 était
4769 3317 45 22 un
4827 3308 114 37 simple

4187 3347 126 36 produit
4326 3347 38 26 de
4378 3345 196 28 laboratoire.

4220 3381 61 28 Eh!
4300 3387 72 22 mon
4398 3381 88 31 Dieu,
4505 3379 154 35 pourquoi
4680 3386 40 21 ne
4741 3386 57 28 pas
4826 3378 116 29 inviter

4186 3415 56 28 des
4256 3414 160 29 aliénistes
4428 3414 15 27 ?

4219 3450 88 27 Nous
4331 3456 40 19 ne
4391 3448 186 27 souhaitons
4600 3447 158 28 d'ailleurs
4779 3448 70 26 rien
4874 3446 68 28 tant

4185 3490 63 29 que
4261 3482 39 29 de
4314 3482 69 28 voir
4400 3488 53 22 ces
4467 3487 136 29 pauvres
4616 3487 79 28 gens
4715 3479 131 30 devenir
4857 3479 86 30 enfin

4184 3516 227 30 raisonnables.

4186 3608 251 63 LETTRE
4458 3607 85 63 DU
4562 3609 59 60 P.
4636 3605 305 64 VENANCE

4217 3715 28 28 A
4257 3714 31 27 la
4301 3713 83 29 suite
4398 3712 39 28 de
4452 3719 58 21 son
4525 3710 167 36 expulsion
4707 3711 30 27 et
4755 3710 39 29 de
4808 3709 77 29 celle
4899 3709 40 29 de

4183 3755 52 22 ses
4249 3747 166 36 religieux,
4430 3745 30 28 le
4471 3747 33 27 P.
4519 3746 156 32 Venance,
4690 3744 176 29 Provincial
4882 3743 58 30 des

4181 3782 167 36 Capucins,
4363 3788 19 20 a
4393 3780 129 29 adressé
4533 3779 20 29 à
4566 3779 40 28 M.
4621 3779 134 28 Combes
4768 3786 65 21 une
4850 3778 89 28 lettre

4183 3818 208 34 vigoureuse,
4425 3814 71 29 d'où
4535 3821 81 21 nous
4651 3816 168 31 extrayons
4859 3814 80 26 cette

4182 3852 188 35 importante
4392 3849 191 28 déclaration
4608 3848 40 28 de
4683 3848 160 35 principes
4868 3848 72 34 trop

4183 3885 123 29 oubliés
4316 3893 8 19 :

4213 3933 34 26 Je
4260 3933 77 26 tiens
4352 3931 18 25 à
4381 3936 73 20 vous
4466 3931 28 25 le
4512 3929 139 28 déclarer,
4670 3928 151 26 Monsieur
4839 3927 28 27 le
4886 3927 53 26 mi-

4183 3968 100 28 nistre,
4298 3967 70 26 c'est
4384 3966 18 25 à
4416 3966 30 25 la
4456 3965 129 26 violence
4595 3964 81 26 seule
4686 3969 60 27 que
4760 3968 75 21 nous
4847 3968 92 20 avons

4183 4002 78 27 cédé,
4278 4004 30 23 et
4329 4006 75 20 nous
4426 3999 182 32 n'acceptons
4628 3998 162 25 nullement
4809 3996 44 26 les
4874 4002 65 20 sen-

4182 4038 102 24 tences
4294 4036 37 24 de
4340 4034 108 31 justice
4452 4033 72 25 dont
4529 4038 71 19 vous
4608 4037 71 20 avez
4687 4031 95 25 colore
4789 4036 53 19 vos
4849 4031 91 26 actes.

4215 4071 56 25 Les
4293 4068 145 27 décisions
4469 4066 53 26 des
4551 4065 157 26 tribunaux
4732 4064 209 32 sontrespec-

4183 4104 95 27 tables
4299 4101 98 35 quand
4420 4101 72 26 elles
4522 4100 118 27 servent
4667 4099 30 25 la
4720 4099 125 32 justice;
4867 4097 72 25 elles

4184 4140 118 26 cessent
4312 4139 36 24 de
4362 4137 79 26 l'être
4454 4135 97 33 quand
4566 4134 72 26 elles
4652 4140 33 20 se
4699 4134 114 31 prêtent
4827 4132 18 25 à
4856 4131 84 27 l'exé-

4184 4174 97 27 cution
4295 4173 37 26 de
4346 4172 53 26 lois
4412 4171 135 31 injustes.

4214 4208 63 31 Oui,
4287 4205 147 34 j'entends
4449 4205 67 26 bien
4530 4205 84 24 votre
4623 4203 125 31 réponse
4760 4208 9 18 :

4214 4238 25 31 Il
4249 4243 62 25 faut
4324 4241 146 26 s'incliner
4482 4239 109 26 devant
4603 4238 30 24 la
4646 4236 48 26 loi.

4215 4277 25 26 Il
4255 4277 63 25 faut
4337 4275 145 26 s'incliner
4496 4272 107 26 devant
4615 4271 29 25 la
4658 4271 37 25 loi
4707 4272 7 23 !
4729 4271 77 25 mais
4821 4270 119 28 n'est-ce

4185 4318 53 25 pas
4253 4318 38 19 au
4309 4316 68 20 nom
4399 4309 36 25 de
4455 4308 29 25 la
4498 4308 37 25 loi
4547 4312 57 27 que
4624 4304 44 37 les
4686 4305 106 25 crimes
4811 4303 44 27 les
4874 4304 67 31 plus

4184 4346 107 26 odieux
4305 4346 53 24 ont
4368 4343 46 26 été
4428 4343 124 25 commis
4560 4343 15 22 ?

4214 4380 76 26 C'est
4304 4386 38 19 au
4355 4384 68 19 nom
4438 4377 37 26 de
4486 4376 28 26 la
4529 4375 39 26 loi
4582 4380 57 26 que
4650 4375 28 26 le
4693 4374 84 26 Juste
4792 4379 50 25 par
4850 4372 87 33 excel-

4184 4416 83 25 lence
4295 4422 18 18 a
4335 4413 46 26 été
4406 4411 56 26 mis
4484 4411 17 25 à
4528 4410 76 26 mort
4621 4417 7 17 :
4649 4408 111 33 Legem
4779 4408 160 30 habemus,

4184 4450 121 26 criaient
4317 4448 44 26 les
4374 4446 76 26 Juifs
4462 4446 17 24 à
4495 4445 98 26 Pílate.

4214 4484 77 26 C'est
4303 4489 38 19 au
4354 4488 70 19 nom
4438 4481 36 24 de
4488 4480 29 24 la
4530 4479 38 25 loi
4582 4484 56 26 que
4655 4478 44 26 les
4706 4478 142 31 premiers
4861 4476 80 27 chré-

4185 4520 76 26 tiens
4280 4519 50 25 ont
4343 4516 47 26 été
4408 4513 163 35 poursuivis
4589 4519 6 17 :
4615 4512 72 27 Non
4706 4511 71 27 licet
4795 4516 52 21 vos
4861 4515 78 22 esse:

4185 4554 25 26 Il
4231 4560 37 18 ne
4289 4557 71 20 vous
4383 4552 46 24 est
4450 4555 52 25 pas
4525 4547 106 33 permis
4652 4546 145 25 d'exister.
4819 4545 77 26 C'est
4911 4543 32 27 la

4185 4588 98 32 parole
4304 4585 49 33 qui
4372 4583 118 27 retentit
4510 4586 104 22 encore
4634 4578 182 33 aujourd'hui
4844 4578 18 25 à
4887 4583 56 21 nos

4186 4621 127 26 oreilles!

4216 4656 75 26 C'est
4304 4661 38 19 au
4355 4659 69 19 nom
4438 4651 37 26 de
4488 4651 29 25 la
4531 4651 38 25 loi
4583 4655 56 25 que
4657 4648 135 25 l'Irlande
4806 4648 30 24 et
4848 4646 29 26 la
4891 4646 51 26 Po-

4186 4692 86 31 logne
4286 4692 51 23 ont
4349 4687 45 27 été
4411 4685 164 33 étranglées
4594 4689 51 27 par
4661 4683 79 26 leurs
4754 4682 187 30 vainqueurs.

4216 4724 77 28 C'est
4308 4731 39 18 au
4365 4728 69 19 nom
4452 4721 38 26 de
4502 4720 30 25 la
4549 4718 39 27 loi
4600 4723 58 27 que
4675 4718 28 25 le
4719 4714 129 28 tribunal
4861 4715 79 26 révo-

4187 4760 173 26 lutionnaire
4377 4763 18 18 a
4411 4755 54 26 fait
4482 4754 97 26 couler
4592 4753 27 25 le
4639 4757 75 26 sang
4731 4750 36 26 de
4780 4750 120 27 France,
4914 4748 29 28 le

4187 4796 66 31 plus
4266 4793 156 32 généreux,
4437 4790 27 25 le
4479 4790 64 31 plus
4558 4793 61 26 pur.

4216 4829 76 26 C'est
4305 4834 37 19 au
4358 4832 68 19 nom
4442 4824 36 26 de
4494 4824 29 25 la
4536 4823 37 26 loi
4584 4827 56 26 que
4654 4822 43 25 les
4711 4820 75 27 têtes
4796 4820 37 25 de
4842 4818 101 27 Lavoi-

4188 4863 59 27 sier
4260 4864 29 24 et
4301 4860 124 27 d'André
4438 4859 123 24 Chénier
4574 4858 68 23 sont
4656 4855 142 25 tombées.

4218 4897 25 26 Il
4257 4897 62 25 faut
4332 4893 146 27 s'incliner
4491 4892 108 25 devant
4610 4890 29 25 la
4653 4889 37 32 loi
4696 4889 8 32 !

4218 4933 76 24 Non.
4310 4929 78 25 mille
4402 4927 56 25 fois
4472 4933 68 20 non,
4551 4924 98 33 quand
4662 4924 74 25 cette
4750 4923 37 25 loi
4799 4922 77 27 foule
4885 4927 59 21 aux

4189 4966 83 34 pieds
4295 4966 43 24 les
4355 4962 92 26 droits
4469 4961 45 26 les
4536 4960 65 32 plus
4622 4957 205 28 élémentaires
4848 4957 30 26 et
4899 4955 45 28 les

4190 5002 65 32 plus
4267 5000 107 26 sacrés.

4220 5036 25 26 Il
4264 5035 63 26 faut
4345 5038 57 26 que
4420 5031 43 26 les
4476 5029 184 33 législateurs
4673 5027 28 26 le
4718 5026 122 26 sachent
4853 5025 68 25 bien
4935 5032 7 17 :

4190 5071 20 26 il
4228 5077 20 25 y
4263 5077 17 18 a
4299 5068 154 27 au-dessus
4471 5065 92 27 d'eux,
4583 5060 225 29 formassent-ils
4826 5066 39 19 un
4881 5059 64 26 bloc

4191 5106 65 31 plus
4270 5105 119 25 énorme
4403 5106 56 26 que
4473 5099 71 26 celui
4561 5098 48 31 qui
4626 5102 76 20 nous
4717 5096 100 25 écrase
4831 5094 114 30 aujour-

4192 5140 85 25 d'hui.
4293 5135 162 28 fussent-ils
4469 5134 162 25 nombreux
4646 5135 114 20 comme
4774 5130 45 24 les
4837 5133 109 27 vagues

4192 5174 36 24 de
4249 5172 125 27 l'Océan,
4390 5169 21 24 il
4429 5175 18 24 y
4466 5174 18 18 a
4502 5166 155 26 au-dessus
4677 5164 85 25 d'eux
4782 5163 28 24 la
4832 5161 115 26 sereine

4193 5206 125 32 majesté
4338 5203 41 26 du
4394 5202 84 26 droit.
4490 5201 43 25 Ils
4545 5201 67 25 n'en
4635 5198 69 26 sont
4719 5202 58 26 que
4796 5197 44 24 les
4861 5195 87 25 inter-

4194 5243 97 31 prètes
4302 5241 30 25 et
4344 5239 43 25 les
4401 5236 146 32 gardiens.

155 5437 199 26 FEUILLETON
374 5436 44 25 DU
441 5438 17 23 5
478 5436 178 25 NOVEMBRE
668 5436 63 24 1903
749 5444 26 7 -
789 5435 32 24 16

126 5531 757 100 INCONNUES

162 5712 97 28 Notre
289 5718 88 22 coeur
400 5711 49 27 est
477 5709 227 29 certainement
728 5707 56 28 fait
809 5712 80 29 pour

129 5746 115 33 timer;
270 5745 80 29 mais
378 5744 47 28 les
450 5744 163 28 affections
641 5743 39 28 de
707 5749 35 21 ce
769 5740 115 29 monde

129 5781 128 28 doivent
275 5787 81 21 nous
382 5778 108 28 attirer
507 5785 73 22 vers
592 5777 131 28 l'amour
743 5775 40 30 de
796 5776 90 28 Dieu.

130 5816 100 32 Alors,
247 5814 76 29 elles
338 5814 73 29 sont
423 5813 154 36 permises
591 5814 30 26 et
636 5811 122 29 bénies.

163 5850 31 28 Si
216 5851 80 27 cette
314 5855 97 28 jeune
432 5847 64 29 fille
519 5849 49 28 est
586 5847 30 28 la
636 5853 177 29 compagne
834 5845 54 36 qui

128 5891 83 22 vous
230 5885 48 27 est
295 5882 156 32 réservée,
466 5889 76 28 ayez
562 5881 172 35 confiance,
749 5874 52 35 Tes
819 5880 71 29 obs-

132 5919 95 28 tacles
239 5916 236 38 disparaîtront;
490 5924 40 22 en
541 5918 69 27 tout
619 5923 64 25 cas,
695 5915 22 29 il
727 5917 50 27 est
785 5915 105 29 néces-

130 5954 83 29 saire
237 5953 39 28 de
293 5955 100 27 rester
416 5952 111 28 maître
547 5951 38 29 de
606 5957 92 27 vous,
725 5951 63 28 soit
808 5957 81 29 pour

129 5989 128 30 vaincre
270 5996 53 23 ces
337 5987 168 36 obstacles,
518 5987 63 30 soit
594 5993 79 29 pour
684 5984 129 31 résister
827 5992 64 22 aux

130 6025 245 28 entraînements
390 6023 42 27 du
447 6030 98 20 coeur.
559 6021 253 35 Rappelez-vous
825 6028 62 27 que

128 6059 87 28 Celui
235 6059 54 34 qui
310 6057 112 29 envoie
443 6056 47 28 les
508 6058 155 34 épreuves
681 6055 103 28 donne
803 6054 86 28 aussi

129 6094 31 28 la
174 6094 84 28 force
272 6092 38 29 de
325 6092 45 29 les
384 6093 191 27 surmonter.

163 6129 73 35 Guy
246 6135 87 22 serra
345 6128 29 28 la
387 6127 84 28 main
483 6126 40 30 de
532 6134 59 23 son
605 6125 170 30 vénérable
787 6124 62 30 ami
860 6125 33 28 et

130 6163 165 36 s'éloigna,
308 6170 36 22 se
359 6163 126 28 sentant
498 6162 72 37 plus
586 6163 72 27 fort.

165 6197 115 31 Rentré
293 6205 41 21 au
350 6198 71 34 Pey,
432 6197 21 29 il
471 6197 34 28 fit
515 6198 68 35 part
597 6196 17 28 à
629 6202 37 23 sa
681 6196 86 29 mère
778 6195 40 31 de
828 6202 60 23 son

129 6236 153 27 entrevue
298 6240 73 22 avec
390 6233 40 28 M.
444 6232 101 29 l'abbé
563 6232 109 34 Payra,
688 6232 31 28 et
733 6237 124 23 comme
870 6229 22 30 il

130 6269 84 29 avait
240 6268 106 30 oublié
371 6267 39 30 de
433 6267 44 29 lui
499 6265 173 32 demander
695 6266 119 29 conseil
837 6271 56 23 sur

131 6303 153 32 l'attitude
302 6302 75 39 qu'il
396 6301 122 30 devrait
535 6303 101 33 avoir,
657 6299 19 30 à
696 6308 58 22 son
775 6302 118 32 retour,

132 6348 42 21 on
188 6339 129 30 convint
330 6339 40 28 de
384 6337 162 29 consulter
557 6338 42 27 M.
615 6337 30 27 le
656 6336 76 28 curé
746 6336 64 29 très
824 6342 70 28 pro-

131 6375 214 30 chainement.

168 6410 61 29 Les
251 6408 155 38 quelques
422 6408 93 37 jours
534 6409 40 29 de
599 6412 155 25 vacances
778 6408 117 30 s'écou-

133 6445 96 29 laient
248 6446 74 31 vite,
347 6445 126 28 surtout
491 6451 81 28 pour
594 6444 82 27 Mme
695 6443 40 28 de
755 6442 118 35 Tourcy
883 6442 12 35 ;

133 6481 100 42 quant
244 6479 20 28 à
281 6480 80 36 Guy,
378 6486 75 22 sans
473 6478 29 28 la
522 6478 151 37 présence
690 6477 39 29 de
743 6484 36 21 sa
800 6477 96 33 mère,

134 6512 21 38 il
175 6515 54 28 eût
246 6515 113 29 trouvé
375 6514 71 29 bien
462 6514 76 35 long
553 6521 59 23 son
630 6512 214 36 éloignement
856 6511 40 29 de

132 6548 100 30 Paris.

167 6584 129 29 Comme
316 6584 28 29 le
365 6582 110 37 départ
493 6583 75 29 était
590 6582 61 29 fixé
666 6588 81 30 pour
760 6581 30 28 le
809 6579 87 29 lundi

133 6618 19 30 2
164 6620 89 34 avril,
270 6620 29 28 la
313 6619 94 30 visite
421 6618 146 30 d'adieux
582 6625 42 22 au
644 6616 182 39 presbytère
845 6616 54 28 eut

132 6653 65 29 lieu
212 6654 30 29 le
255 6654 169 28 dimanche
437 6654 93 34 après
544 6653 47 30 les
606 6653 120 27 offices.

167 6688 84 28 Mme
272 6688 39 28 de
333 6687 124 35 Tourcy
482 6690 95 33 ayant
598 6685 213 41 accompagné
838 6691 62 23 son

133 6721 62 33 fils,
222 6723 30 28 la
273 6723 220 28 conversation
521 6723 180 34 s'engagea,
726 6721 72 29 bien
824 6720 75 32 vite,

132 6758 90 27 entre
243 6757 72 36 Guy
342 6759 31 27 et
395 6763 54 22 ses
474 6756 86 29 deux
583 6755 188 34 confidents,
793 6762 57 22 sur
871 6754 30 29 le

131 6792 87 33 sujet
239 6792 40 29 de
302 6798 53 24 ses
376 6790 204 38 inquiétudes
609 6793 30 27 et
666 6791 39 30 de
733 6797 53 24 ses
813 6789 89 36 espé-

131 6832 127 24 rances.

973 5430 115 30 L'abbé
1101 5431 108 34 Payra,
1224 5436 57 28 par
1294 5435 54 21 ses
1359 5434 93 28 sages
1465 5428 81 30 avis,
1560 5426 134 29 l'encou-

940 5473 95 30 ragea
1049 5471 112 22 encore
1170 5471 41 20 au
1220 5462 99 29 calme
1330 5461 79 28 dans
1425 5463 82 27 cette
1515 5461 78 28 lutte
1607 5462 87 26 entre

940 5508 60 22 son
1017 5507 89 23 coeur
1128 5501 31 26 et
1175 5498 47 29 les
1241 5498 231 28 circonstances
1481 5504 8 24 ;
1509 5497 39 30 et,
1571 5502 123 20 comme

940 5543 42 21 on
1000 5535 152 29 n'obtient
1173 5533 68 29 rien
1257 5538 74 24 sans
1349 5531 91 36 peine
1458 5532 31 27 et
1505 5529 151 33 sacrifice,
1671 5528 22 29 il

940 5570 151 29 conseilla
1104 5575 41 21 au
1154 5568 97 35 jeune
1264 5568 123 27 interne
1404 5565 117 28 d'offrir
1540 5564 19 27 à
1573 5565 80 27 Dieu
1665 5563 30 29 la

941 5605 154 36 privation
1109 5603 55 29 des
1179 5602 110 30 visites
1302 5600 177 36 fréquentes
1498 5598 74 38 qu'il
1593 5598 102 29 faisait

940 5647 64 22 aux
1026 5640 109 28 dames
1158 5637 124 30 Derval.
1293 5637 78 28 Sans
1384 5642 125 29 rompre
1519 5634 21 28 il
1557 5633 139 36 pourrait

941 5674 140 35 alléguer
1112 5672 47 28 les
1190 5671 205 36 occupations
1426 5668 175 38 nouvelles,
1629 5668 67 29 s'en

942 5708 97 33 créer,
1053 5715 40 21 au
1114 5706 118 33 besoin,
1248 5712 80 30 pour
1345 5705 162 34 expliquer
1527 5710 59 21 son
1603 5703 94 28 chan-

941 5745 128 35 gement
1093 5740 170 30 d'attitude.
1287 5739 75 30 Plus
1385 5737 79 36 tard,
1484 5739 28 28 si
1535 5737 61 28 l'on
1622 5736 76 29 était

942 5777 166 39 renseigné
1121 5784 56 23 sur
1192 5777 28 29 la
1233 5775 117 31 famille
1362 5774 39 30 de
1415 5781 53 22 ces
1482 5772 108 30 dames
1604 5773 32 27 et
1648 5771 49 30 s'il

942 5815 52 36 n'y
1007 5814 83 29 avait
1108 5820 122 22 comme
1249 5810 148 34 obstacle,
1416 5810 116 36 qu'une
1551 5807 146 35 question

942 5849 39 29 de
995 5850 135 31 fortune,
1145 5848 29 28 le
1189 5848 62 28 bon
1271 5846 74 29 curé
1364 5846 116 36 promit
1497 5843 201 30 d'intervenir

942 5885 72 35 près
1031 5885 39 28 de
1092 5884 39 27 M.
1150 5882 39 29 de
1211 5883 134 32 Tourcy.
1365 5881 71 34 Guy
1457 5880 53 34 qui
1530 5878 85 28 avait
1635 5885 62 21 une

944 5919 118 30 entière
1075 5917 162 30 confiance
1253 5924 38 21 en
1298 5913 18 43 l'
1326 5915 122 41 origine
1460 5912 170 30 honorable
1642 5912 57 29 des

944 5955 107 29 dames
1088 5952 122 35 Derval,
1237 5950 156 31 accueillit
1416 5949 30 28 la
1473 5954 162 31 promesse
1660 5947 40 29 de

943 5989 101 31 l'abbé
1057 5990 99 35 Payra
1175 5994 122 23 comme
1311 5992 44 23 un
1368 5983 137 31 élément
1517 5983 39 29 de
1570 5982 127 34 succès;

942 6025 23 28 U
979 6026 85 27 avait
1077 6031 44 20 un
1132 6023 71 28 allié
1217 6024 40 26 de
1269 6022 83 36 plus.

978 6060 142 27 Pendant
1136 6064 62 29 que
1221 6056 30 29 la
1270 6055 85 27 mère
1376 6056 31 26 et
1421 6054 30 28 le
1468 6054 50 28 fils
1539 6052 160 29 s'achemi-

943 6093 108 32 naient
1070 6098 73 23 vers
1164 6091 69 29 leur
1251 6090 159 34 demeure,
1426 6089 82 28 Mme
1527 6087 38 29 de
1576 6086 125 36 Tourcy

943 6128 48 29 dit
1003 6128 19 29 à
1034 6129 71 34 Guy
1114 6135 9 21 :

980 6179 35 6 —
1029 6164 95 28 Notre
1145 6162 63 30 bon
1227 6161 74 29 curé
1321 6160 88 28 vient
1431 6160 39 28 de
1494 6161 31 27 te
1546 6159 100 44 parler
1663 6158 40 29 de

946 6195 153 38 sacrifices
1109 6195 12 38 :
1133 6196 33 37 je
1185 6196 81 30 serai
1277 6196 88 28 toute
1383 6194 147 36 disposée
1544 6201 19 21 a
1574 6200 39 22 en
1626 6193 77 29 faire

946 6233 179 31 moi-même
1147 6232 17 29 à
1182 6233 55 27 ton
1255 6230 165 33 intention,
1440 6230 80 29 mais
1537 6229 33 34 je
1589 6231 69 26 vais
1672 6229 32 28 te

947 6270 170 30 demander
1130 6267 30 31 le
1175 6266 145 38 premier.

981 6319 36 9 —
1029 6306 83 29 Tout
1125 6311 35 22 ce
1172 6310 62 30 que
1245 6309 82 25 vous
1338 6302 149 33 voudrez,
1503 6308 51 21 ma
1568 6298 95 31 mère-

982 6354 35 8 —
1033 6341 69 28 Ton
1121 6340 120 28 service
1260 6337 148 35 d'hôpital
1429 6344 40 20 ne
1486 6335 132 35 reprend
1643 6341 62 28 que

949 6374 152 31 mercredi
1115 6374 110 33 matin,
1238 6371 156 39 pourquoi
1406 6371 96 35 partir
1516 6370 126 28 demain
1650 6374 16 21 τ
1678 6367 27 28 Il

950 6411 137 30 suffirait
1103 6409 38 30 de
1159 6416 81 22 nous
1260 6408 117 36 quitter
1396 6406 99 29 mardi
1515 6405 97 29 matin
1627 6405 30 27 et
1669 6404 37 29 tu

949 6454 52 21 me
1015 6445 168 30 donnerais
1198 6450 43 23 un
1250 6443 75 36 jour
1339 6441 39 29 de
1393 6441 82 37 plus.

986 6496 34 7 —
1037 6480 84 29 Mère
1141 6479 114 32 chérie,
1275 6486 36 20 ce
1328 6476 78 31 n'est
1424 6484 56 30 pas
1499 6483 46 23 un
1566 6474 142 31 sacrifice

951 6524 63 29 que
1035 6522 81 23 vous
1139 6514 171 30 réclamez:
1332 6520 45 21 un
1401 6514 141 27 moment
1567 6511 39 28 de
1635 6510 73 36 plus

951 6558 76 21 avec
1059 6556 98 26 vous,
1190 6548 129 29 n'est-ce
1351 6554 57 28 pas
1439 6554 46 21 un
1517 6547 119 27 instant
1670 6544 39 28 de

951 6584 161 30 bonheur!

987 6636 35 7 —
1034 6618 159 31 Autrefois
1203 6618 8 29 !
1226 6618 97 37 reprit
1340 6618 83 28 Mme
1435 6615 39 29 de
1486 6615 135 35 Tourcy,
1634 6620 78 23 avec

952 6663 46 22 un
1012 6655 123 30 sourire
1149 6654 40 29 de
1202 6654 105 28 doute.

988 6704 35 7 —
1042 6690 51 27 Ma
1116 6688 94 33 mère,
1228 6695 82 21 vous
1333 6693 95 23 savez
1446 6692 62 29 que
1521 6685 34 35 je
1573 6690 41 22 ne
1629 6689 83 22 vous

954 6725 82 29 aime
1050 6731 57 28 pas
1121 6723 114 28 moins.

988 6761 42 27 Ce
1054 6759 48 28 fut
1121 6758 81 28 donc
1222 6757 29 29 le
1271 6756 99 28 mardi
1395 6755 107 33 matin,
1524 6753 188 33 seulement,

954 6802 62 29 que
1030 6795 70 33 Guy
1113 6800 36 22 se
1163 6791 103 30 rendit
1280 6791 19 28 à
1315 6791 29 27 la
1358 6791 116 29 station
1488 6790 31 28 et
1532 6787 149 37 rejoignit
1695 6787 19 28 à

954 6829 160 36 Limoges,
1126 6827 153 38 l'express
1294 6826 56 37 qui
1367 6825 31 30 le
1414 6823 155 31 ramenait
1582 6822 20 29 à
1612 6822 100 30 Paris.

2120 5423 44 28 VI

1931 5501 157 21 RETOUR
2100 5501 25 19 A
2146 5500 50 20 LA
2214 5499 114 20 VILLE

1782 5560 119 35 Malgré
1913 5567 59 21 son
1986 5558 100 36 grand
2100 5558 84 28 désir
2198 5558 40 27 de
2255 5557 108 28 suivre
2376 5557 47 27 les
2437 5561 72 23 con-

1749 5594 75 30 seils
1852 5594 54 36 qui
1934 5593 43 30 lui
2007 5593 124 28 avaient
2155 5592 49 28 été
2225 5590 133 34 donnés,
2373 5591 69 35 Guy
2469 5595 40 21 ne

1750 5630 128 37 pouvait
1900 5636 35 22 se
1958 5628 149 29 défendre
2128 5628 93 28 d'une
2245 5625 66 35 joie
2334 5626 109 28 intime
2469 5631 39 21 en

1749 5666 158 34 songeant
1918 5670 62 29 que
1990 5665 29 26 le
2032 5662 82 28 train
2127 5662 56 35 qui
2193 5661 186 35 l'emportait
2390 5660 19 27 à
2421 5660 89 28 toute

1750 5700 118 28 vitesse
1883 5698 30 29 le
1927 5697 200 37 rapprochait
2141 5696 38 28 de
2192 5695 72 29 Mlle
2280 5694 122 30 Derval.
2412 5694 25 28 U
2457 5692 55 29 eût

1750 5740 113 24 encore
1877 5732 97 30 voulu
1991 5731 132 37 pouvoir
2149 5730 153 29 accélérer
2327 5730 29 28 la
2370 5728 139 29 marche.

1786 5769 133 30 L'union
1934 5771 49 27 est
2001 5774 44 22 un
2058 5766 41 29 tel
2120 5766 108 29 besoin
2244 5764 56 30 des
2319 5771 115 25 coeurs,
2450 5770 62 25 que

1752 5807 59 29 l'on
1831 5806 49 28 est
1893 5803 105 30 séduit
2022 5809 53 29 par
2090 5804 67 26 tout
2172 5809 34 34 ça
2227 5800 52 44 qui
2295 5800 97 28 efface
2406 5798 29 29 la
2450 5797 61 30 dis-

1751 5843 91 28 tance
1853 5847 41 21 ou
1909 5838 122 29 distrait
2045 5837 28 28 la
2088 5833 115 41 pensée
2218 5836 20 27 d
2249 5842 62 24 une
2321 5834 189 37 séparation.

1786 5865 118 39 L'arrêt
1923 5882 64 21 aux
2010 5873 137 36 grandes
2170 5878 93 29 gares
2287 5869 155 40 marquait
2456 5869 55 28 des

1752 5912 109 35 étapes
1869 5909 40 29 de
1918 5909 72 36 plus
2000 5915 39 21 en
2048 5907 71 36 plus
2128 5904 221 43 rapprochées:
2362 5904 152 28 Château-

1754 5953 91 29 roux,
1860 5945 140 32 Vierzon,
2014 5943 60 28 Les
2089 5942 144 32 Aubrais,
2249 5941 161 34 Etampes,
2428 5938 85 29 enfin

1753 5981 103 29 Paris!

1789 6017 104 28 Alerte
1906 6017 31 27 et
1947 6015 152 31 heureux,
2112 6014 71 34 Guy
2196 6013 154 33 s'empara
2366 6011 71 29 bien
2450 6009 66 29 vite

1754 6051 95 28 d'une
1861 6050 86 36 place
1963 6050 39 26 de
2014 6041 197 40 tramway"et
2231 6046 147 34 rejoignit
2393 6046 28 27 le
2440 6045 76 28 haut

1754 6086 39 27 de
1817 6084 29 29 la
1869 6091 57 22 rue
1947 6083 236 35 Saint-Jacques
2202 6087 79 30 pour
2300 6077 133 38 déposer
2457 6086 58 22 son

1755 6128 55 23 sac
1828 6120 80 29 dans
1931 6126 58 22 son
2016 6117 142 30 modeste
2178 6117 225 42 appartement.
2421 6114 25 30 Il
2471 6112 43 31 lui

1757 6155 121 30 sembla
1902 6154 119 28 bientôt
2040 6152 133 29 étouffer
2191 6156 78 23 dans
2294 6157 36 22 sa
2356 6150 158 32 chambre,

1757 6191 88 30 Paris
1859 6189 206 33 commençait
2080 6186 19 29 à
2114 6186 132 38 prendre
2266 6192 59 22 son
2345 6186 172 27 animation

1758 6227 43 29 du
1815 6222 61 42 soir
1884 6222 10 42 ;
1914 6228 93 33 ayant
2027 6223 19 28 à
2060 6221 91 42 peine
2172 6220 115 31 secoué
2305 6221 30 28 la
2355 6220 163 37 poussière

1757 6263 40 28 de
1811 6262 30 28 la
1854 6262 101 35 route,
1968 6259 21 30 il
2004 6258 99 35 sortit,
2119 6264 75 24 sans
2208 6257 66 33 but,
2281 6258 67 27 tout
2361 6263 41 21 en
2416 6255 103 29 subis-

1758 6298 72 28 sant
1843 6296 184 29 l'attraction
2048 6293 39 29 de
2113 6293 28 29 la
2159 6300 57 21 rue
2239 6291 38 29 de
2295 6291 29 28 la
2339 6290 178 29 Sourdière.

1793 6333 48 27 En
1853 6339 62 29 peu
1929 6331 39 28 de
1979 6334 103 30 temps
2098 6328 22 28 il
2141 6325 164 37 atteignait
2317 6335 36 20 ce
2367 6326 150 36 quartier,

1758 6366 44 31 où
1816 6367 22 28 il
1853 6373 36 22 se
1901 6366 59 28 mit
1978 6364 19 28 à
2010 6370 95 27 errer,
2120 6362 98 29 allant
2234 6364 32 27 et
2273 6364 132 30 venant,
2421 6359 100 30 s'éloi-

1761 6403 98 39 gnant
1881 6408 45 22 un
1950 6407 60 30 peu
2033 6405 80 30 pour
2132 6406 21 28 y
2173 6397 125 30 revenir
2319 6396 132 29 ensuite.
2472 6394 49 29 Un

1762 6439 86 34 léger
1866 6438 31 27 et
1921 6435 108 36 rapide
2051 6440 93 30 repas
2166 6433 78 28 dans
2271 6439 46 21 un
2344 6432 178 28 restaurant

1762 6474 55 27 des
1828 6471 149 30 environs
1985 6469 43 31 lui
2043 6469 115 36 permit
2169 6468 39 29 de
2221 6473 108 29 passer
2341 6473 112 22 encore
2468 6472 55 28 par

1763 6507 43 34 là;
1822 6507 86 29 enfin
1921 6505 20 29 il
1955 6505 57 30 dut
2025 6511 35 23 se
2074 6503 125 29 décider
2213 6502 20 29 à
2245 6503 121 27 rentrer
2379 6501 78 28 chez
2466 6500 55 34 lui,

1763 6550 36 21 ce
1812 6543 47 27 fut
1873 6548 44 21 un
1930 6541 65 27 vrai
2010 6538 152 30 sacrifice.

1797 6576 44 29 Le
1859 6574 179 30 lendemain
2060 6572 97 29 matin
2170 6573 21 28 il
2212 6571 76 29 était
2309 6571 19 27 à
2348 6577 59 22 son
2422 6571 101 34 poste.

1763 6612 93 29 Soeur
1869 6610 107 37 Agnès
1994 6605 89 41 salua
2100 6614 58 22 son
2176 6609 106 27 retour
2295 6604 230 33 amicalement,

1766 6649 31 27 et
1811 6648 28 27 le
1846 6647 98 33 jeune
1956 6645 121 28 interne
2086 6643 97 28 reprit
2192 6649 59 21 son
2264 6640 129 34 service,
2402 6646 124 21 comme

1765 6681 49 30 S'il
1829 6680 51 35 n'y
1893 6679 84 29 avait
1991 6684 58 29 pas
2061 6684 40 21 eu
2114 6672 247 37 d'interruption.

1801 6715 43 29 Le
1859 6714 104 29 même
1979 6712 74 33 soir,
2066 6719 40 21 en
2122 6711 176 36 regagnant
2312 6715 60 22 son
2387 6708 139 35 quartier

1766 6749 93 40 après
1887 6749 88 28 avoir
1998 6753 114 22 encore
2135 6746 54 28 fait
2209 6751 62 22 une
2296 6744 163 28 incursion
2483 6742 43 28 du

1768 6785 68 29 côté
1864 6783 40 29 de
1927 6784 29 28 la
1981 6789 56 21 rue
2056 6781 39 28 de
2117 6780 30 28 la
2160 6778 177 34 Sourdière,
2348 6778 23 28 il
2387 6776 140 31 entendit

1769 6820 40 30 de
1828 6818 66 31 très
1913 6818 76 37 loin,
2002 6822 65 25 une
2085 6816 80 30 forte
2185 6813 197 35 détonation;
2405 6812 24 30 il
2452 6811 76 30 était

2563 5417 74 35 près
2657 5416 39 28 de
2715 5416 19 26 9
2759 5414 125 27 heures.
2901 5412 274 28 Instinctivement
3193 5409 29 28 la
3236 5409 86 28 foule

2564 5457 36 22 se
2630 5448 113 37 portait
2775 5447 39 28 de
2842 5454 36 21 ce
2909 5445 79 32 côté,
3016 5444 22 29 il
3071 5445 107 31 suivit,
3205 5444 31 26 et
3260 5443 62 27 l'on

2562 5484 113 40 apprit,
2687 5490 55 21 sur
2753 5482 30 28 le
2793 5487 161 30 parcours,
2965 5479 116 36 qu'une
3096 5478 113 29 bombe
3217 5475 107 30 venait

2564 5519 20 28 d
2594 5518 116 29 éclater
2727 5524 40 21 au
2793 5516 177 28 restaurant
2988 5514 107 35 Foyot,
3113 5521 56 21 rue
3187 5511 39 29 de
3243 5511 80 28 Vau-

2563 5553 116 37 girard.
2695 5551 182 29 Nombreux
2898 5548 131 31 blessés,
3048 5548 110 35 dégâts
3181 5545 142 30 considé-

2564 5588 114 29 rables.
2694 5587 119 28 Encore
2837 5592 45 21 un
2903 5583 118 35 exploit
3033 5582 204 34 anarchique.
3252 5581 71 34 Guy

2566 5623 144 33 s'avança
2741 5621 29 28 le
2807 5620 70 35 plus
2911 5617 148 37 possible,
3093 5617 47 29 les
3172 5623 75 21 rues
3283 5615 40 29 de

2563 5659 151 27 Tournon
2725 5657 32 26 et
2768 5654 106 28 Condé
2885 5653 116 29 étaient
3009 5651 137 29 barrées.
3158 5650 27 29 Il
3195 5652 53 27 sut
3261 5657 63 28 que

2565 5692 47 29 les
2627 5689 121 31 blessés
2762 5689 125 28 avaient
2900 5688 49 28 été
2962 5686 195 41 transportés
3171 5684 19 28 k
3204 5685 31 27 la
3246 5684 80 28 Cha-

2565 5726 74 33 rité;
2654 5733 36 23 ce
2704 5724 106 28 n'était
2830 5730 56 29 pas
2907 5729 58 22 son
2989 5720 127 35 hôpital,
3131 5720 22 28 il
3175 5720 57 35 put
3243 5719 82 28 dono

2565 5767 158 32 regagner
2737 5767 58 22 son
2811 5757 156 33 domicile,
2986 5756 155 36 songeant
3160 5755 19 27 k
3201 5753 125 41 l'explo-

2567 5798 69 29 sion
2658 5796 40 29 de
2721 5795 29 28 la
2770 5793 183 32 Madeleine,
2964 5791 72 28 date
3061 5790 39 29 de
3125 5797 37 22 sa
3184 5788 141 30 dernière

2566 5833 93 28 visite
2672 5837 63 23 aux
2749 5830 108 28 dames
2874 5826 122 32 Derval.

2600 5867 110 34 Quand
2720 5866 28 28 la
2758 5862 275 31 renouvellerait-il
3041 5862 15 28 ?
3064 5863 63 27 Son
3138 5861 188 35 impatience

2567 5902 76 29 était
2668 5900 120 38 grande
2802 5901 41 32 et,
2867 5898 118 29 d'autre
3006 5899 79 33 part,
3102 5904 80 28 pour
3200 5902 37 21 se
3256 5901 72 22 con-

2570 5938 114 28 former
2699 5938 29 27 le
2736 5935 72 36 plus
2821 5934 146 36 possible,
2980 5940 64 20 aux
3058 5931 137 29 conseils
3210 5929 52 37 qui
3283 5929 44 28 lui

2569 5972 125 29 avaient
2721 5970 49 29 été
2799 5969 131 32 donnés,
2950 5966 20 29 il
2993 5974 40 21 ne
3060 5966 118 28 voulait
3211 5971 55 29 pas
3293 5971 36 22 se

2568 6007 123 34 rendre,
2707 6005 56 29 dès
2778 6013 59 21 son
2851 6006 117 29 retour,
2983 6001 77 30 chez
3083 6008 51 23 ses
3157 6000 169 28 anciennes

2569 6043 142 32 clientes,
2727 6040 82 29 c'eût
2822 6038 48 29 été
2889 6039 139 27 montrer
3040 6038 75 33 trop
3125 6036 204 33 d'empresse-

2570 6079 95 28 ment.

2606 6109 25 37 Il
2650 6111 86 32 usait
2753 6109 39 31 de
2817 6108 202 36 subterfuges
3042 6113 76 23 avec
3145 6111 59 25 son
3231 6111 98 27 coeur,

2572 6149 137 34 essayait
2722 6146 39 28 de
2775 6145 29 29 le
2815 6147 160 26 contenter
2990 6149 56 29 par
3055 6142 58 29 des
3125 6140 207 42 promenades

2573 6182 43 30 du
2630 6182 36 30 cô
2669 6182 30 28 té
2713 6180 39 29 de
2769 6179 196 29 Saint-Roch.
2980 6174 26 31 Il
3024 6176 133 29 ravivait
3175 6182 56 22 sur
3246 6175 87 35 place

2573 6218 56 30 des
2644 6215 169 32 souvenirs
2831 6214 54 36 qui
2900 6212 116 29 étaient
3036 6212 122 40 gravés,
3174 6217 78 28 pour
3277 6209 55 34 lui,

2574 6254 19 28 à
2605 6253 41 29 tel
2663 6250 92 37 angle
2769 6250 39 29 de
2828 6257 66 26 rue,
2910 6255 40 22 au
2966 6245 107 37 jardin
3094 6246 56 28 des
3165 6240 167 37 Tuileries,

2574 6287 19 31 à
2601 6288 73 29 telle
2685 6287 87 35 place
2785 6285 39 28 de
2836 6285 133 35 l'église;
2983 6284 40 31 et,
3034 6281 91 33 ainsi,
3139 6280 29 28 la
3187 6279 94 29 visite
3293 6278 43 30 de

2575 6325 105 27 retour
2688 6329 36 21 se
2731 6320 137 29 trouvait
2879 6316 136 31 différée.
3027 6317 46 28 En
3088 6316 99 32 outre,
3203 6314 22 29 il
3240 6314 96 29 serait

2576 6358 145 29 heureux
2737 6354 129 30 d'écrire
2888 6352 20 29 à
2927 6350 100 30 l'abbé
3051 6350 99 37 Payra
3163 6348 75 37 qu'il
3253 6348 83 29 avait

2577 6392 49 31 été
2640 6393 70 28 fort.

2612 6428 163 30 Plusieurs
2798 6425 92 36 jours
2916 6421 165 40 passèrent
3106 6421 39 29 de
3175 6420 31 29 la
3241 6421 95 29 sorte.

2578 6461 185 37 Encouragé
2782 6468 55 29 par
2857 6467 63 22 une
2941 6457 70 30 idée
3036 6458 39 29 de
3096 6454 152 34 sacrifice,
3266 6462 73 22 sou-

2578 6501 87 31 tenu,
2680 6505 39 22 en
2742 6496 104 28 même
2865 6497 103 32 temps
2983 6499 55 29 par
3058 6492 30 28 la
3106 6489 117 38 pensée
3243 6490 39 29 de
3303 6497 36 22 se

2579 6537 129 24 trouver
2736 6531 78 28 dans
2846 6529 29 28 la
2903 6529 102 28 même
3033 6526 85 33 ville,
3142 6527 71 32 Guy
3240 6524 101 29 s'était

2580 6567 119 36 promis
2731 6566 40 26 de
2802 6565 93 26 lutter
2921 6563 108 26 contre
3060 6560 171 31 lui-même,
3261 6565 80 28 pour

2581 6606 171 32 repousser
2772 6598 31 28 la
2824 6598 105 32 visite,
2948 6597 69 26 tant
3041 6594 132 32 désirée,
3190 6592 152 36 jusqu'au

2582 6635 166 30 dimanche
2768 6634 36 28 15
2818 6632 78 29 avril
2905 6639 10 26 ;
2934 6630 22 29 il
2979 6638 20 27 y
3019 6630 84 28 avait
3129 6635 113 22 encore
3263 6635 80 21 onze

2578 6672 105 34 jours.

2618 6706 43 27 Le
2674 6701 168 32 dimanche
2852 6702 54 35 qui
2925 6699 99 30 suivit
3043 6698 44 29 lui
3103 6697 93 36 parut
3209 6696 74 36 plus
3291 6695 52 36 pé-

2583 6739 85 29 nible
2679 6739 19 28 à
2719 6738 167 39 supporter
2906 6742 62 35 que
2987 6733 46 29 les
3056 6734 107 27 autres
3188 6731 91 35 jours
3294 6737 8 26 ;
3321 6729 23 29 il

2584 6782 40 20 ne
2640 6772 169 41 dépendait
2825 6778 62 28 que
2907 6770 39 27 de
2961 6768 43 28 lui
3021 6767 39 29 de
3077 6769 111 26 mettre
3212 6765 43 28 fin
3271 6764 19 28 à
3310 6771 36 21 ce

2554 6812 7 29 !
2584 6809 145 36 supplice
2751 6809 41 31 et,
2821 6804 184 38 cependant,
3027 6802 25 30 il
3076 6809 41 23 ne
3141 6799 126 32 voulait
3288 6804 58 32 pas

3375 5407 93 29 céder
3477 5414 8 24 ;
3500 5405 23 28 il
3545 5405 105 28 devait
3677 5402 144 28 habituer
3848 5406 59 22 son
3930 5396 157 29 caractère
4112 5393 21 28 à

3375 5447 64 22 une
3462 5439 130 34 énergie
3615 5438 89 28 toute
3721 5434 135 36 spéciale
3882 5431 55 35 qui
3964 5430 45 28 lui
4037 5429 97 28 serait

3376 5473 225 31 certainement
3627 5470 77 29 utile
3729 5469 72 36 plus
3834 5462 79 33 tard.
3940 5465 42 28 Ce
4005 5461 126 38 jour-là,

3377 5509 112 34 même,
3505 5514 81 29 pour
3594 5506 155 34 échapper
3760 5503 19 28 à
3792 5503 30 28 la
3835 5500 162 31 tentation,
4013 5498 21 27 il
4050 5497 84 28 réso-

3376 5544 48 30 lut
3437 5544 38 28 de
3485 5550 40 21 ne
3538 5549 57 29 pas
3609 5539 199 36 s'approcher
3818 5537 41 29 du
3876 5535 139 36 quartier
4022 5534 110 26 favori.

3411 5578 61 29 Nul
3500 5585 40 20 ne
3567 5577 129 38 pouvait
3714 5572 105 29 savoir
3844 5578 35 20 ce
3902 5577 62 28 que
3982 5568 42 28 lui
4050 5565 84 30 avait

3377 5613 92 31 coûté
3482 5611 97 38 pareil
3599 5608 141 32 sacrifice
3753 5615 8 20 :
3776 5606 79 29 mais
3867 5607 81 26 cette
3961 5602 172 29 résistance

3378 5651 107 27 contre
3498 5654 45 21 un
3557 5644 238 31 entraînement,
3808 5641 27 29 si
3852 5637 131 33 naturel,
3997 5636 45 29 lui
4063 5642 71 22 ren-

3378 5684 47 28 dit
3437 5689 147 28 courage.

3413 5716 161 36 L'énergie
3586 5723 35 22 se
3631 5716 156 33 retrempe
3801 5712 79 28 dans
3894 5709 31 28 la
3937 5709 89 28 lutte.

3414 5752 44 29 La
3472 5750 140 30 semaine
3632 5748 137 30 s'écoula
3785 5746 71 37 plus
3880 5743 178 29 facilement
4071 5746 63 26 que

3379 5788 48 30 les
3449 5787 152 36 premiers
3633 5784 101 35 jours,
3747 5782 22 28 il
3798 5781 48 28 fut
3868 5778 103 29 moins
4000 5774 137 38 régulier

3380 5824 79 28 dans
3487 5829 52 23 ses
3574 5811 207 45 promenades
3807 5822 42 22 au
3876 5812 139 38 quartier
4043 5811 94 28 Saint·

3380 5857 87 30 Roch
3481 5860 31 26 et
3525 5863 36 22 se
3574 5854 95 31 disait
3683 5861 8 20 :
3705 5862 15 17 «
3735 5854 26 27 A
3775 5848 166 31 dimanche
3956 5857 25 18 ».

3413 5893 73 34 Guy
3505 5890 86 29 avait
3608 5887 72 36 déjà
3701 5887 116 32 donné,
3830 5892 42 21 au
3891 5884 72 40 Pey,
3977 5881 58 29 des
4059 5887 78 22 nou-

3382 5926 98 30 velles
3494 5925 40 29 de
3545 5932 59 22 son
3618 5929 121 29 vovage
3753 5929 9 25 ;
3774 5928 36 21 ce
3824 5919 47 29 fut
3884 5924 42 22 au
3935 5913 66 32 bon
4015 5915 75 29 curé
4100 5914 39 27 de

3382 5962 137 36 Vrignac
3530 5956 74 39 qu'il
3623 5959 35 27 fit
3677 5958 69 35 part
3758 5955 39 29 de
3811 5961 53 22 ses
3879 5953 97 28 luttes
3994 5952 32 27 et
4043 5950 39 27 de
4105 5955 36 21 sa

3383 5997 131 30 victoire
3532 6002 56 23 sur
3605 5992 170 32 lui-même,
3790 5989 132 30 sachant
3935 5985 75 30 bien
4030 5991 61 22 aue
4105 5989 36 22 sa

3384 6033 85 29 mère
3489 6030 153 30 recevrait
3655 6025 264 31 communication
3933 6022 39 28 de
3992 6020 30 28 la
4040 6019 99 28 lettre.

3421 6068 45 27 La
3486 6066 133 36 réponse
3631 6062 46 29 lui
3696 6062 78 31 vint,
3789 6065 40 21 en
3847 6057 82 31 effet,
3941 6055 40 28 de
4003 6054 84 27 Mme
4103 6053 38 26 de

3384 6104 135 34 Tourcy.

3417 6160 89 26 Notre
3519 6156 105 29 vénéré
3634 6155 69 31 ami,
3715 6152 116 28 dit-elle,
3840 6155 91 28 pense
3944 6153 115 21 comme
4071 6145 70 28 moi,

3387 6190 66 31 qu'à
3463 6190 28 25 la
3504 6188 76 27 suite
3589 6188 37 25 de
3637 6188 31 23 ta
3681 6185 84 26 lettre
3773 6185 28 24 et
3811 6183 36 24 de
3852 6180 73 27 celle
3937 6179 37 25 de
3984 6178 29 26 M
4017 6183 46 20 me
4077 6178 58 24 Der

3387 6221 56 30 val,
3464 6220 30 26 la
3513 6218 141 33 première
3678 6217 137 25 entrevue
3842 6217 66 21 sera
3932 6209 117 25 difficile
4074 6211 72 28 pour

3387 6254 77 24 tous.
3492 6248 64 28 Une
3585 6247 127 27 froideur
3739 6241 219 29 inaccoutumée
3990 6239 90 26 serait
4104 6242 41 19 un

3388 6283 85 30 signe
3487 6281 37 25 de
3538 6281 118 31 rupture
3669 6285 10 23 ;
3692 6283 38 20 en
3745 6278 75 24 es-tu
3834 6280 31 20 ca
3870 6271 84 34 pable
3964 6270 14 25 ?
3988 6269 45 27 Un
4050 6269 96 25 retour

3389 6319 39 20 au
3442 6315 139 28 passarne
3595 6307 127 35 pourrait
3733 6312 57 27 que
3803 6305 150 31 t'engager
3960 6300 165 29 davantage
4137 6303 9 22 ;

3390 6345 38 26 et,
3441 6348 37 20 en
3496 6341 106 26 dehors
3616 6340 53 25 des
3683 6338 176 25 résistances
3882 6335 144 23 certaines
4040 6332 37 23 de
4095 6332 52 20 ton

3392 6373 76 32 père,
3483 6378 37 20 ne
3529 6371 141 28 crains-tu
3683 6373 53 27 pas
3755 6367 38 26 de
3811 6366 155 25 t'avancer,
3980 6366 73 21 sans
4067 6362 83 22 avoir

3392 6404 113 28 éclairci
3515 6403 26 27 le
3556 6402 126 33 mystère
3696 6398 37 26 de
3747 6397 129 36 l'origine
3887 6395 37 25 de
3937 6393 75 25 cette
4020 6391 129 42 famille?

3392 6437 107 25 Certes,
3516 6435 24 24 si
3552 6435 51 24 ton
3613 6431 139 27 bonheur,
3767 6434 49 24 qui
3829 6431 75 21 nous
3912 6424 157 32 préoccupe
4077 6423 72 23 tant,

3393 6465 96 27 devait
3513 6470 33 20 se
3573 6462 168 28 rencontrer
3766 6459 74 25 dans
3865 6454 171 27 l'exécution
4060 6452 37 25 de
4117 6454 34 21 ce

3394 6496 102 30 projet,
3511 6495 83 26 notre
3619 6490 110 29 dévoué
3742 6491 118 31 pasteur
3880 6488 29 24 et
3921 6487 31 24 ta
3967 6484 78 26 mère
4066 6483 29 26 le
4107 6486 43 20 se-

3394 6526 188 27 conderaient
3604 6524 36 25 de
3656 6523 62 25 leur
3733 6521 107 25 mieux.
3856 6518 175 28 Remarque,
4050 6517 103 27 copen*

3394 6559 81 25 dant,
3489 6562 58 23 que
3569 6555 42 25 les
3626 6552 124 31 qualités
3767 6545 209 37 personnelles,
3989 6545 66 24 bien
4069 6547 84 26 supé-

3395 6588 112 25 rieures
3525 6585 19 25 à
3568 6584 29 25 la
3618 6583 124 25 fortune,
3762 6585 38 20 ne
3828 6578 67 26 sont
3922 6581 53 26 pas
4002 6575 64 23 tout
4081 6580 7 21 ;
4103 6576 49 20 ces

3397 6616 125 31 qualités
3535 6620 56 27 que
3603 6615 32 25 tu
3650 6612 76 27 crois
3740 6613 116 26 trouver
3867 6613 37 21 en
3915 6606 69 26 Mlle
3997 6604 107 25 Derval
4115 6606 39 20 ne

3398 6648 165 26 suffiraient
3579 6645 79 32 point
3676 6644 19 24 à
3714 6645 30 23 te
3762 6640 105 27 rendre
3893 6639 137 24 heureux,
4043 6640 38 20 au
4104 6637 51 21 cas

3398 6679 38 25 où
3450 6676 152 26 l'honneur
3615 6675 36 25 de
3662 6678 35 21 sa
3711 6671 110 27 famille
3834 6668 96 27 aurait
3940 6666 127 26 sombré.

3429 6708 73 26 Dieu
3516 6706 64 26 seul
3592 6707 46 24 est
3644 6709 86 20 assez
3738 6701 133 33 puissant
3885 6703 72 27 pour
3968 6696 137 26 accorder
4115 6697 41 21 un

3400 6738 110 29 pardon
3531 6737 48 30 qui
3599 6734 95 27 relève
3711 6733 28 25 le
3759 6729 153 37 coupable;
3931 6727 28 26 le
3976 6726 115 27 monde,
4106 6725 50 24 lui.

3401 6768 122 30 procède
3536 6772 53 26 par
3602 6764 150 28 exclusion
3762 6762 37 26 de
3812 6756 126 31 familles
3950 6756 126 27 entières
4087 6758 71 26 pour

3400 6797 139 30 défendre
3553 6797 30 27 la
3598 6794 117 29 société.
3723 6793 68 28 Cela
3803 6792 75 27 n'est
3886 6787 211 30 certainement
4106 6788 52 29 pas

4187 5403 138 25 chrétien.
4335 5401 25 24 Il
4375 5405 37 19 11e
4427 5398 92 34 parait
4532 5396 114 26 surtout
4663 5400 52 24 pas
4726 5394 82 29 juste
4821 5391 38 25 de
4872 5391 74 28 faire

4188 5433 176 29 supportera
4370 5428 53 25 des
4433 5427 155 24 innocents
4596 5423 193 26 l'ostracisme
4798 5420 147 31 prononcé

4188 5464 99 23 contre
4303 5460 43 25 les
4362 5456 155 32 coupables
4528 5463 7 23 ;
4550 5454 76 25 mais
4642 5453 70 25 c'est
4725 5458 39 19 un
4784 5450 163 27 sentiment

4188 5492 89 25 social
4293 5488 104 32 auquel
4412 5494 37 18 on
4470 5493 36 18 ne
4526 5485 67 31 peut
4610 5483 152 31 échapper.
4778 5481 43 26 On
4838 5478 99 40 répond

4189 5523 18 26 à
4233 5527 74 20 ceux
4334 5518 48 32 qui
4408 5523 32 20 se
4469 5514 184 27 laisseraient
4677 5513 148 26 entraîner
4851 5510 18 25 à
4889 5514 58 22 une

4189 5551 111 30 grande
4324 5548 182 31 indulgence,
4530 5552 56 24 que
4613 5543 25 26 si
4661 5543 151 26 l'honneur
4838 5542 45 24 est
4892 5542 52 36 unsa

4189 5581 173 32 patrimoine
4382 5578 36 25 de
4440 5576 121 26 famille,
4580 5575 29 24 la
4631 5574 88 25 honte
4744 5572 60 25 doit
4827 5568 121 38 rejaillir

4189 5612 82 27 aussi
4281 5617 50 20 sur
4340 5610 44 25 les
4396 5607 122 33 proches
4531 5605 36 26 de
4577 5603 74 26 celui
4661 5602 50 33 qui
4726 5608 18 20 a
4755 5606 124 23 commis
4889 5604 62 23 une.

4190 5644 89 26 fante.
4769 5664 4 4 .
4812 5662 6 5 .

4221 5671 222 34 Comprends-tu
4465 5667 134 26 combien
4622 5666 34 24 tu
4675 5663 172 27 souffrirais,
4868 5662 28 25 si
4917 5662 25 25 U

4191 5705 110 25 femme
4314 5701 71 26 était
4399 5699 75 25 mise
4487 5698 18 24 à
4518 5697 99 25 l'écart
4625 5695 14 24 ?

4221 5734 75 26 Cher
4309 5731 111 27 enfant,
4440 5727 71 27 voici
4525 5733 60 19 une
4605 5724 67 26 bien
4690 5725 108 30 longue
4816 5723 85 24 lettre
4921 5724 27 24 «r

4189 5765 32 30 je
4235 5770 38 20 ne
4287 5763 65 32 puis
4370 5764 105 22 encore
4488 5755 169 33 t'exprimer
4672 5755 96 25 toutes
4783 5752 44 25 les
4841 5750 119 36 inquid·,

4191 5795 87 26 tudes
4292 5794 36 25 de
4338 5797 70 20 mon
4422 5795 80 21 coeur
4509 5788 36 25 de
4555 5785 87 26 mère.
4658 5785 64 26 Sois
4735 5789 85 20 assez
4834 5781 114 37 sérieux

4193 5831 73 24 pour
4284 5822 131 27 réfléchir
4432 5818 190 33 longuement
4642 5816 17 24 à
4677 5821 34 19 ce
4729 5820 57 26 que
4799 5813 32 29 je
4848 5813 30 24 te
4894 5812 54 28 dis.

4192 5854 142 27 Travaille
4347 5853 18 24 à
4378 5851 150 26 connaître
4542 5846 138 28 l'histoire
4691 5844 37 28 de
4742 5844 74 26 cette
4830 5842 105 36 famille

4195 5887 115 24 surtout
4327 5880 145 28 demande
4489 5880 19 25 à
4526 5878 72 26 Dieu
4617 5875 36 26 de
4673 5874 141 27 t'éclairer
4826 5873 29 25 et
4872 5872 37 24 de
4922 5872 29 25 te

4195 5916 105 26 rendre
4314 5913 67 26 bien
4393 5910 132 33 prudent.
4772 5934 8 9 ,

4226 5946 130 29 Compte,
4374 5948 70 19 mon
4457 5941 69 25 cher
4542 5939 71 34 Guy,
4624 5942 51 20 sur
4689 5935 27 26 le
4731 5932 223 28 redoublement

4195 5974 164 28 d'affection
4371 5972 106 33 qu'une
4488 5970 81 25 mère
4582 5963 126 36 éprouve
4721 5963 100 34 quand
4834 5967 55 21 son
4901 5962 51 41 fils

4197 6008 46 26 est
4255 6013 37 19 en
4308 6003 78 34 péril.

4230 6052 85 27 Cette
4337 6049 90 27 lettre
4444 6046 76 28 dont
4538 6045 30 27 la
4587 6041 118 29 lecture
4722 6040 89 28 émut
4828 6037 124 36 profon-

4198 6085 125 30 dément
4339 6082 80 35 Guy,
4439 6080 44 28 lui
4510 6074 161 40 parvenait
4692 6074 30 28 la
4744 6071 93 30 veille
4859 6070 40 29 de
4916 6077 38 21 oe

4198 6119 167 32 dimanche
4370 6118 68 28 tant
4443 6113 113 34 désiré,
4563 6111 26 31 si
4601 6109 195 31 ardemment
4808 6105 146 29 attende!

4235 6156 43 28 La
4300 6154 70 28 nuit
4389 6151 54 36 qui
4465 6149 98 29 suivit
4583 6146 48 29 fut
4652 6151 75 23 sans
4746 6141 155 36 sommeil,
4922 6141 34 28 et

4200 6190 148 39 pourtant
4367 6192 125 23 aucune
4514 6181 138 31 solution
4679 6173 239 40 n'apparaissait
4937 6180 20 20 à

4200 6224 119 34 l'esprit
4332 6223 43 27 du
4387 6221 97 34 jeune
4494 6219 132 26 interne.

4236 6273 36 8 —
4288 6259 67 32 Que
4373 6253 95 31 faire?
4487 6253 67 33 Que
4572 6248 95 30 faire?
4687 6255 35 22 se
4740 6244 130 32 disait-il
4889 6244 68 29 tou-

4199 6296 13 62 jours.
4238 6329 85 29 Dans
4338 6334 59 21 son
4410 6322 185 31 indécision,
4608 6318 23 30 il
4646 6317 119 30 résolut
4778 6314 180 35 d'ajourner

4204 6371 114 22 encore
4331 6369 37 21 sa
4379 6359 110 32 visite;
4502 6364 37 22 ce
4551 6349 107 35 n'était
4669 6351 83 37 plus,
4767 6350 40 27 de
4825 6354 36 22 sa
4879 6348 79 35 part,

4204 6406 45 23 un
4272 6396 143 32 sacrifice
4436 6396 193 31 courageux,
4652 6386 20 28 il
4694 6392 36 22 se
4751 6383 115 30 sentait
4889 6383 71 33 trop

4206 6434 93 29 faible
4326 6437 80 27 pour
4432 6428 147 28 affronter
4607 6424 44 26 les
4673 6416 168 33 difficultés
4869 6416 98 46 d'une

4206 6467 151 32 situation
4384 6463 87 29 aussi
4494 6458 172 31 nettement
4684 6454 139 37 précisée
4850 6457 56 29 par
4934 6450 32 29 la

4206 6503 91 31 lettre
4310 6501 39 29 de
4363 6507 36 22 sa
4413 6497 94 30 mère.

4242 6539 70 30 Guy
4326 6532 192 36 comprenait
4531 6528 76 38 qu'il
4613 6527 106 28 n'était
4727 6523 90 37 point
4826 6520 143 36 possible

4209 6572 40 28 de
4268 6568 165 31 découvrir
4454 6573 58 22 son
4538 6561 101 39 projet
4655 6560 18 27 à
4698 6565 60 22 son
4777 6556 74 36 père
4872 6555 32 26 et
4925 6554 42 26 de

4211 6612 116 27 songer
4345 6604 20 27 à
4389 6609 63 22 une
4473 6599 142 29 alliance,
4640 6600 76 25 sans
4737 6595 109 26 savoir
4865 6587 109 35 quelle

4211 6642 76 27 était
4299 6641 30 27 la
4343 6636 116 30 famille
4472 6633 76 38 qu'il
4559 6630 118 31 unirait
4687 6628 19 29 à
4718 6627 31 31 la
4760 6629 122 27 sienne.

4282 6676 38 31 (A
4336 6673 142 29 suivre.)
4831 6692 22 12 „

4484 6704 40 28 M.
4540 6709 42 22 DE
4600 6694 161 37 LESTRADE
4775 6703 42 21 DB
4829 6693 108 28 CONTI.

4255 6736 104 59 (Droits
4381 6749 39 28 de
4437 6743 226 38 reproduction
4684 6741 30 28 et
4732 6740 38 28 de
4787 6733 184 48 traduction

4213 6781 155 31 réservés.]
